@book{gauch2002scientific,
      title={Scientific Method in Practice},
      author={Gauch, Hugh G.},
      year={2002},
      publisher={Cambridge University Press}
}

@book{Turke-Efficient_methods_for_WCDMA_radio_network_planning_and_optimization:2007,
      title={Efficient Methods for {WCDMA} Radio Network Planning and Optimization},
      author={T{\"u}rke, Ulrich},
      year={2007},
      publisher={Springer}
}

@book{wen2011gpu,
      title={GPU Computing Gems Emerald Edition: Applications of GPU Computing Series},
      author={Wen-mei, W.H.},
      year={2011},
      publisher={Morgan Kaufmann}
}



@inbook{Gerstenberger-Introduction_to_LTE:2011,
      title={{Introduction to LTE-Advanced}},
      author={Gerstenberger, Dirk},
      journal={LTE-The UMTS Long Term Evolution: From Theory to Practice, Second Edition},
      pages={613--622},
      year={2011},
      publisher={Wiley Online Library}
}



@article{crainic2006tackling,
      title={{Tackling electrosmog in completely configured 3G networks by parallel cooperative meta-heuristics}},
      author={Crainic, T.G. and Di Chiara, B. and Nonato, M. and Tarricone, L.},
      journal={Wireless Communications, IEEE},
      volume={13},
      number={6},
      pages={34--41},
      year={2006},
      publisher={IEEE}
}

@article{gorder2007multicore,
      title={Multicore processors for science and engineering},
      author={Gorder, P.F.},
      journal={Computing in science \& engineering},
      volume={9},
      number={2},
      pages={3--7},
      year={2007},
      publisher={IEEE}
}

@inproceedings{chen2008automated,
      title={Automated planning of {CPICH} power for enhancing {HSDPA} performance at cell edges with preserved control of {R99} soft handover},
      author={Chen, Lei and Yuan, Di},
      booktitle={Communications, 2008. ICC'08. IEEE International Conference on},
      pages={2936--2940},
      year={2008},
      publisher={IEEE}
}

@inproceedings{maria1997introduction,
      title={Introduction to modeling and simulation},
      author={Maria, Anu},
      booktitle={Proceedings of the 29th Conference on Winter Simulation},
      pages={7--13},
      year={1997},
      organization={IEEE Computer Society}
}

@inproceedings{maple2004parallel,
      title={Parallel genetic algorithms for third generation mobile network planning},
      author={Maple, C. and Guo, L. and Zhang, J.},
      booktitle={Parallel Computing in Electrical Engineering, 2004. PARELEC 2004. International Conference on},
      pages={229--236},
      year={2004},
      organization={IEEE}
}

@inproceedings{law2007simulation,
      title={How to build valid and credible simulation models},
      author={Law, Averill M.},
      booktitle={Proceedings of the 40th Conference on Winter Simulation},
      pages={39--47},
      year={2008},
      organization={IEEE Computer Society}
}

@inproceedings{soldani2007autonomic,
      title={An autonomic framework for self-optimizing next generation mobile networks},
      author={Soldani, D. and Alford, G. and Parodi, F. and Kylvaja, M.},
      booktitle={World of Wireless, Mobile and Multimedia Networks, 2007. WoWMoM 2007. IEEE International Symposium on a},
      pages={1--6},
      year={2007},
      organization={IEEE}
}

@inproceedings{Wacker-Static_simulator_for_studying_WCDMA_radio_network_planning;1999,
      title={Static simulator for studying {WCDMA} radio network planning issues},
      author={Wacker, Achim and Laiho-Steffens, Jaana and Sipila, Kari and Jasberg, Mika},
      booktitle={Vehicular Technology Conference, 1999 IEEE 49th},
      volume={3},
      pages={2436--2440},
      year={1999},
      organization={IEEE}
}



@misc{3GPP_TR_23.101,
  title={{General UMTS architecture, v4.0.0}},
  author={3GPP},
  publisher={3GPP},
  note={\url{http://www.3gpp.org}, [Online; accessed 4-January-2014]},
  year={2009}
}

@misc{3GPP_TR_50.099,
  title={{Functionality in early GSM releases}},
  author={3GPP},
  publisher={3GPP},
  note={\url{http://www.3gpp.org}, [Online; accessed 4-January-2014]},
  year={2009}
}



