@book{Butenhof_Programming.with.POSIX.threads:1997,
      title={Programming with {POSIX} Threads},
      author={Butenhof, David R.},
      year={1997},
      address={Boston, MA, USA},
      publisher={Addison-Wesley Professional},
}

@book{Chandra_Parallel_programming_in_OpenMP:2000,
      title={Parallel Programming in OpenMP},
      author={Chandra, Rohit and Menon, Ramesh and Dagum, Leo and Kohr, David and Maydan, Dror and McDonald, Jeff},
      year={2000},
      publisher={Morgan Kaufmann}
}

@book{Gropp_Using_MPI:1999,
      title={Using {MPI}: Portable Parallel Programming with the Message Passing Interface},
      author={Gropp, William D. and Lusk, Ewing L. and Skjellum, Anthony},
      volume={1},
      year={1999},
      publisher={MIT Press}
}


@book{Kale-The_Charm_Approach:2013,
      editor = {Kale, Laxmikant V. and Bhatele, Abhinav},
      title = {Parallel Science and Engineering Applications: The Charm++ Approach},
      year = {2013},
      month = nov,
      publisher = {Taylor \& Francis Group, CRC Press},
      isbn = {9781466504127}
}

@book{Khan_LTE_for_4G_mobile_broadband_air_interface_technologies_and_performance:2009,
      title={{LTE} for {4G} Mobile Broadband: Air Interface Technologies and Performance},
      author={Khan, Farooq},
      year={2009},
      publisher={Cambridge University Press}
}


@book{Neteler_Open_source_GIS_a_GRASS_GIS_approach,
      title={Open Source Software and {GIS}},
      author={Neteler, Markus and Mitasova, Helena},
      year={2008},
      publisher={Springer}
}

@book{Ozsu_Principles_of_distributed_database_systems:2011,
      title={Principles of Distributed Database Systems},
      author={{\"O}zsu, Tamer M. and Valduriez, Patrick},
      year={2011},
      publisher={Springer}
}

@book{Parsons-The_mobile_radio_propagation_channel:2000,
          title={The Mobile Radio Propagation Channel},
          author={Parsons, John D.},
          volume={2},
          year={2000},
          publisher={Wiley}
}



@inbook{Cichon_Propagation.prediction.models:1995,
  title={Propagation Prediction Models},
  author={Cichon, Dieter J. and K{\"u}rner, Thomas},
  booktitle={COST 231 Final Report},
  chapter={4},
  pages={115--208},
  year={1995},
  publisher={European Community},
  note={Available from: http://www.lx.it.pt/cost231/final\_report.htm}
}



@incollection{Chryssomallis-Antenna_radiation_patterns:antenna,
    title = {Antenna Radiation Patterns},
    author = {Chryssomallis, Michael and Christodoulou, Christos},
    editor={Webster, John},
    booktitle = {Wiley Encyclopedia of Electrical and Electronics Engineering},
    isbn = {9780471346081},
    url = {http://dx.doi.org/10.1002/047134608X.W1204},
    doi = {10.1002/047134608X.W1204},
    year = {2001},
    publisher = {John Wiley \& Sons, Inc.},
}       

@incollection{Clemencon_MPI_Race_detection:1995,
    title={An implementation of race detection and deterministic replay with {MPI}},
    author={Clemencon, Christian and Fritscher, Josef and Meehan, Michael J. and R{\"u}hl, Roland},
    editor={Haridi, Seif and Ali, Khayri and Magnusson, Peter},
    booktitle={EURO-PAR'95 Parallel Processing},
    pages={155--166},
    year={1995},
    publisher={Springer}
}

@incollection{DeFloriani-Applications_of_computational_geometry_to_geographic_information_systems:1999,
    title={Applications of computational geometry to geographic information systems},
    author={De Floriani, Leila and Magillo, Paola and Puppo, Enrico},
    booktitle={Handbook of Computational Geometry},
    editor={Sack, J.R. and Urrutia, J.},
    pages={333--388},
    year={1999},
    address={North Holland, The Netherlands},
    publisher={Elsevier}
}



@article{Armstrong_Using_a_computational_grid_for_geographic_information_analysis:2005,
      title={Using a computational grid for geographic information analysis: A reconnaissance},
      author={Armstrong, Marc P. and Cowles, Mary K. and Wang, Shaowen},
      journal={The Professional Geographer},
      volume={57},
      number={3},
      pages={365--375},
      year={2005},
      publisher={Taylor \& Francis}
}

@article{Athanaileas-Parallel_radio_wave_propagation_modeling:2010,
      title={Parallel radio-wave propagation modeling with image-based ray tracing techniques},
      author={Athanaileas, Theodoros E. and Athanasiadou, Georgia E. and Tsoulos, George V. and Kaklamani, Dimitra I.},
      journal={Parallel Computing},
      volume={36},
      number={12},
      pages={679--695},
      year={2010},
      publisher={Elsevier}
}

@article{Bosque_A_parallel_computational_model_for_heterogenous_clusters:2006,
      title={A parallel computational model for heterogeneous clusters},
      author={Bosque, J.L. and Pastor, L.},
      journal={IEEE Transactions on Parallel and Distributed Systems},
      volume={17},
      number={12},
      pages={1390},
      year={2006},
      publisher={IEEE}
}

@article{Boyd-An_analysis_of_linux_scalability_to_many_cores:2010,
      title={An analysis of Linux scalability to many cores},
      author={Boyd-Wickizer, Silas and Clements, Austin T. and Mao, Yandong and Pesterev, Aleksey and Kaashoek, M Frans and Morris, Robert and Zeldovich, Nickolai},
      year={2010},
      journal={USENIX Association},
      publisher={USENIX Association}
}

@article{Clematis_High_performance_computing_with_geographical_data:2003,
      title={Guest editorial: High performance computing with geographical data},
      author={Clematis, Andrea and Mineter, Mike and Marciano, Richard},
      journal={Parallel Computing},
      volume={29},
      number={10},
      pages={1275--1279},
      year={2003},
      publisher={Elsevier Science Publishers BV}
}

@article{Densham_Spatial_decision_support_systems:1991,
      title={Spatial decision support systems},
      author={Densham, Paul J},
      journal={Geographical Information Systems: Principles and Applications},
      volume={1},
      pages={403--412},
      year={1991},
      publisher={Longman London}
}

@article{Gong_Parallel_agent_based_simulation_of_individual_level_spatial_interactions_within_a_multicore_computing_environment:2012,
      title={Parallel agent-based simulation of individual-level spatial interactions within a multicore computing environment},
      author={Gong, Zhaoya and Tang, Wenwu and Bennett, David A. and Thill, Jean-Claude},
      journal={International Journal of Geographical Information Science},
      volume={27},
      number={6},
      pages={1152--1170},
      year={2013},
      publisher={Taylor \& Francis}
}

@article{Guan-A_general_purpose_parallel_raster_processing_library:2010,
      title={A general-purpose parallel raster processing programming library test application using a geographic cellular automata model},
      author={Guan, Qingfeng and Clarke, Keith C.},
      journal={International Journal of Geographical Information Science},
      volume={24},
      number={5},
      pages={695--722},
      year={2010},
      publisher={Taylor \& Francis}
}

@article{Guan_A_parallel_computing_approach_to_fast_geostatistical_areal_interpolation:2011,
      title={A parallel computing approach to fast geostatistical areal interpolation},
      author={Guan, Qingfeng and Kyriakidis, Phaedon C. and Goodchild, Michael F.},
      journal={International Journal of Geographical Information Science},
      volume={25},
      number={8},
      pages={1241--1267},
      year={2011},
      publisher={Taylor \& Francis}
}

@article{Haverkort-Computing_visibility_on_terrains_in_external_memory:2009,
      title={Computing visibility on terrains in external memory},
      author={Haverkort, Herman and Toma, Laura and Zhuang, Yi},
      journal={Journal of Experimental Algorithmics (JEA)},
      volume={13},
      pages={5},
      year={2009},
      publisher={ACM}
}

@article{Jankowski_Spatial_group_choice_a_SDDS_tool_for_collaborative_spatial_decision_making:1997,
      title={{Spatial group choice: a SDSS tool for collaborative spatial decision making}},
      author={Jankowski, Piotr and TIMOTHY, L NYERGES and Smith, Alan and Moore, TJ and Horvath, Emory},
      journal={International Journal of Geographical Information Science},
      volume={11},
      number={6},
      pages={577--602},
      year={1997},
      publisher={Taylor \& Francis}
}

@article{Hata_Empirical_formula_for_propagation_loss_in_land_mobile_radio_services:1980,
  title={Empirical formula for propagation loss in land mobile radio services},
  author={Hata, Masaharu},
  journal={Vehicular Technology, IEEE Transactions on},
  volume={29},
  number={3},
  pages={317--325},
  year={1980},
  publisher={IEEE}
}

@article{Hawick_Distributed_frameworks_and_parallel_algorithms_for_processing_large_scala_geographic_data:2003,
      title={Distributed frameworks and parallel algorithms for processing large-scale geographic data},
      author={Hawick, Kenneth A. and Coddington, Paul D. and James, Heath A.},
      journal={Parallel Computing},
      volume={29},
      number={10},
      pages={1297--1333},
      year={2003},
      publisher={Elsevier}
}

@article{Huang_Using_adaptively_coupled_models_and_high_performance_computing_for_enabling_the_computability_of_dust_storm_forecasting:2012,
    title={Using adaptively coupled models and high-performance computing for enabling the computability of dust storm forecasting},
    author={Huang, Qunying and Yang, Chaowei and Benedict, Karl and Rezgui, Abdelmounaam and Xie, Jibo and Xia, Jizhe and Chen, Songqing},
    journal={International Journal of Geographical Information Science},
    volume={27},
    number={4},
    pages={765--784},
    year={2013},
    publisher={Taylor \& Francis}
}

@article{Li_Parallel_cellular_automata_for_large_scale_urban_simulation_using_load_balancing_techniques:2010,
      title={Parallel cellular automata for large-scale urban simulation using load-balancing techniques},
      author={Li, Xia and Zhang, Xiaohu and Yeh, Anthony and Liu, Xiaoping},
      journal={International Journal of Geographical Information Science},
      volume={24},
      number={6},
      pages={803--820},
      year={2010},
      publisher={Taylor \& Francis}
}

@article{Liao_Scalable_design_and_implementations_for_MPI_parallel_overlapping:2006,
      title={{Scalable design and implementations for MPI parallel overlapping I/O}},
      author={Liao, W.K. and Coloma, K. and Choudhary, A. and Ward, L. and Russell, E. and Pundit, N.},
      journal={IEEE Transactions on Parallel and Distributed Systems},
      volume={17},
      number={11},
      pages={1264--1276},
      year={2006},
      publisher={IEEE}
}

@article{Mehlfuhrer_The_Vienna_LTE_Simulators_enabling_reproducibility_in_wireless_communications_research:2011,
     title={{The Vienna LTE simulators-Enabling reproducibility in wireless communications research}},
     author={Mehlf{\"u}hrer, Christian and Ikuno, Josep C. and {\v{S}}imko, Michal and Schwarz, Stefan and Wrulich, Martin and Rupp, Markus},
     journal={EURASIP Journal on Advances in Signal Processing},
     volume={2011},
     number={1},
     pages={1--14},
     year={2011},
     publisher={Springer}
}

@article{Moore_Cramming_more_components_onto_integrated_circuits:1998,
      title={Cramming more components onto integrated circuits},
      author={Moore, Gordon E. and others},
      journal={Proceedings of the IEEE},
      volume={86},
      number={1},
      pages={82--85},
      year={1998},
      publisher={[New York, NY]: Institute of Electrical and Electronics Engineers,[1963-}
}

@article{Piro_Simulating_LTE_cellular_systems_an_open_source_framework:2011,
          title={{Simulating LTE cellular systems: an open-source framework}},
          author={Piro, Giuseppe and Grieco, Luigi A. and Boggia, Gennaro and Capozzi, Francesco and Camarda, Pietro},
          journal={Vehicular Technology, IEEE Transactions on},
          volume={60},
          number={2},
          pages={498--513},
          year={2011},
          publisher={IEEE}
}

@article{Vouk_Cloud_computing_issues_research_and_implementations:2008,
      title={Cloud computing--Issues, research and implementations},
      author={Vouk, Mladen A.},
      journal={Journal of Computing and Information Technology},
      volume={16},
      number={4},
      pages={235--246},
      year={2008}
}

@article{Wang_A_cybergis_framework_for_the_synthesis_of_cyberinfrastructure_GIS_and_spatial_analysis:2010,
      title={{A cyberGIS framework for the synthesis of cyberinfrastructure, GIS, and spatial analysis}},
      author={Wang, Shaowen},
      journal={Annals of the Association of American Geographers},
      volume={100},
      number={3},
      pages={535--557},
      year={2010},
      publisher={Taylor \& Francis}
}

@article{Watts_A_practical_approach_to_dynamic_load_balancing:1998,
      title={A practical approach to dynamic load balancing},
      author={Watts, J. and Taylor, S.},
      journal={IEEE Transactions on Parallel and Distributed Systems},
      volume={9},
      number={3},
      pages={235--248},
      year={1998},
      publisher={IEEE}
}

@article{Widener_Developing_a_parallel_computational_implementation_of_AMOEBA:2012,
      title={Developing a parallel computational implementation of {AMOEBA}},
      author={Widener, Michael J. and Crago, Neal C. and Aldstadt, Jared},
      journal={International Journal of Geographical Information Science},
      volume={26},
      number={9},
      pages={1707--1723},
      year={2012},
      publisher={Taylor \& Francis}
}

@article{Xia-Radio_propagation_characteristics_for_line_of_sight_microcellular_and_personal_communications:1993,
          title={Radio propagation characteristics for line-of-sight microcellular and personal communications},
          author={Xia, Howard and Bertoni, Henry L. and Maciel, Leandro R. and Lindsay-Stewart, Andrew and Rowe, Robert},
          journal={Antennas and Propagation, IEEE Transactions on},
          volume={41},
          number={10},
          pages={1439--1447},
          year={1993},
          publisher={IEEE}
}

@article{Simao_Web_based_GIS_for_collaborative_planning_and_public_participation_an_application_to_the_strategic_planning_of_wind_farm_sites:2009,
      title={Web-based GIS for collaborative planning and public participation: An application to the strategic planning of wind farm sites},
      author={Simao, Ana and Densham, Paul J and Haklay, Mordechai},
      journal={Journal of Environmental Management},
      volume={90},
      number={6},
      pages={2027--2040},
      year={2009},
      publisher={Elsevier}
}

@article{Stonebraker_SQL_databases_vs_NoSQL_databases:2010,
      title={{SQL databases v. NoSQL databases}},
      author={Stonebraker, Michael},
      journal={Communications of the ACM},
      volume={53},
      number={4},
      pages={10--11},
      year={2010},
      publisher={ACM}
}

@article{Tabik-High_performance_three_horizon_composition_algorithm_for_large_scale_terrains:2011,
      title={High-performance three-horizon composition algorithm for large-scale terrains},
      author={Tabik, Siham and Romero, Luis F. and Zapata, Emilio L.},
      journal={International Journal of Geographical Information Science},
      volume={25},
      number={4},
      pages={541--555},
      year={2011},
      publisher={Taylor \& Francis}
}

@article{Tabik_Simultaneous_computation_of_total_viewshed_on_large_high_resolution_grids:2012,
      title={Simultaneous computation of total viewshed on large high resolution grids},
      author={Tabik, Siham and Zapata, Emilio L. and Romero, Luis F.},
      journal={International Journal of Geographical Information Science},
      volume={27},
      number={4},
      pages={804--814},
      year={2013},
      publisher={Taylor \& Francis}
}

@article{Tabik-Optimal_tilt_and_orientation_maps_a_multi_algorithm_approach_for_heterogeneous_multicore_GPU_systems:2013,
      title={Optimal tilt and orientation maps: a multi-algorithm approach for heterogeneous multicore-{GPU} systems},
      author={Tabik, Siham and Villegas, Antonio and Zapata, Emilio L.},
      journal={The Journal of Supercomputing},
      pages={135--147},
      volume={66},
      number={1},
      year={2013},
      publisher={Springer},
      doi={10.1007/s11227-013-0891-1}
}

@article{Ozimek_Open.source.radio.coverage.prediction:2010,
      title={Radio coverage calculations of terrestrial wireless networks using an open-source {GRASS} system},
      author={Hrovat, Andrej and Ozimek, Igor and Vilhar, Andrej and Celcer, Tine and Saje, Iztok and Javornik, Toma\v{z}},
      journal={WSEAS Transactions on Communications},
      volume={9},
      number={10},
      pages={646--657},
      year={2010},
      publisher={World Scientific and Engineering Academy and Society (WSEAS)}
}

@article{Saleh_On_the_coveraga_extension_in_LTE_networks:2010,
      title={On the coverage extension and capacity enhancement of inband relay deployments in {LTE-Advanced} networks},
      author={Saleh, Abdallah B. and Redana, Simone and H{\"a}m{\"a}l{\"a}inen, Jyri and Raaf, Bernhard},
      journal={Journal of Electrical and Computer Engineering},
      volume={2010},
      pages={12},
      year={2010},
      publisher={Hindawi Publishing Corp.}
}

@article{Shabbir_Comparison_of_radio_propagation_models:2011,
      title={Comparison of radio propagation models for {Long Term Evolution (LTE)} network},
      author={Shabbir, Noman and Sadiq, Muhammad T. and Kashif, Hasnain and Ullah, Rizwan},
      journal={arXiv preprint arXiv:1110.1519},
      year={2011}
}

@article{Sarkar_Survey_of_radio_propagation_models:2003,
      title={A survey of various propagation models for mobile communication},
      author={Sarkar, T.K. and Ji, Z. and Kim, K. and Medouri, A. and Salazar-Palma, M.},
      journal={Antennas and Propagation Magazine, IEEE},
      volume={45},
      number={3},
      pages={51--82},
      year={2003},
      publisher={IEEE}
}

@article{Clarke_Dynamic_load_balancing:2011,
      title={{Dynamic Load Balancing of Parallel Computational Iterative Routines on Highly Heterogeneous HPC Platforms}},
      author={Clarke, D. and Lastovetsky, A. and Rychkov, V.},
      journal={Parallel Processing Letters},
      volume={21},
      number={02},
      pages={195--217},
      year={2011},
      publisher={World Scientific}
}

@article{Neskovic_Microcell_electric_field_strength_prediction_model:2010,
      title={Microcell electric field strength prediction model based upon artificial neural networks},
      author={Neskovic, Aleksandar and Neskovic, Natasa},
      journal={AEU-International Journal of Electronics and Communications},
      volume={64},
      number={8},
      pages={733--738},
      year={2010},
      publisher={Elsevier}
}

@article{Sorokine_Parallel_visualization_in_GRASS:2007,
      title={{Implementation of a parallel high-performance visualization technique in GRASS GIS}},
      author={Sorokine, A.},
      journal={Computers \& Geosciences},
      volume={33},
      number={5},
      pages={685--695},
      year={2007},
      publisher={Elsevier}
}

@article{Bhandarkar_Adaptive_load_balancing_for_MPI:2001,
      title={{Adaptive load balancing for MPI programs}},
      author={Bhandarkar, M. and Kale, L. and de Sturler, E. and Hoeflinger, J.},
      journal={Computational Science-ICCS 2001},
      pages={108--117},
      year={2001},
      publisher={Springer}
}

@article{Huang-Explorations_of_the_implementation_of_a_parallel_IDW_algorithm_in_a_Linux_cluster:2011,

    title={{Explorations of the implementation of a parallel IDW interpolation algorithm in a Linux cluster-based parallel GIS}},
    author={Huang, Fang and Liu, Dingsheng and Tan, Xicheng and Wang, Jian and Chen, Yunping and He, Binbin},
    journal={Computers \& Geosciences},
    volume={37},
    number={4},
    pages={426--434},
    year={2011},
    publisher={Elsevier}
}

@article{Osterman_CUDA_on_GRASS:2012,
      title={{Implementation of the r.cuda.los module in the open source GRASS GIS by using parallel computation on the NVIDIA CUDA graphic cards}},
      author={Osterman, Andrej},
      journal={Elektrotehni{\v{s}}ki Vestnik},
      volume={79},
      number={1-2},
      pages={19--24},
      year={2012}
}

@article{Owens-GPU_computing:2008,
    title={{GPU} computing},
    author={Owens, John D. and Houston, Mike and Luebke, David and Green, Simon and Stone, John E. and Phillips, James C.},
    journal={Proceedings of the IEEE},
    volume={96},
    number={5},
    pages={879--899},
    year={2008},
    publisher={IEEE}
}

@article{Campos_Parallel_modelling_in_GIS:2012,
      title={Modelling of a watershed: A distributed parallel application in a grid framework},
      author={Campos, Isabel and Coterillo, Ignacio and Marco, Jes{\'u}s and Monteoliva, Agust{\'\i}n and Oldani, Carlos},
      journal={Computing and Informatics},
      volume={27},
      number={2},
      pages={285--296},
      year={2012}
}

@article{Turke_Advanced.site.configuration.techniques:2005,
  title={{Advanced site configuration techniques for automatic UMTS radio network design}},
  author={T\"{u}rke, U. and Koonert, M.},
  journal={Proc IEEE VTC 2005 Spring},
  year={2005}
}

@article{Marsaglia_Seeds.for.random.number.generator:2003,
  title={{Seeds for random number generators}},
  author={Marsaglia, George},
  journal={Communications of the ACM},
  volume={46},
  number={5},
  pages={90--93},
  issn={0001-0782},
  year={2003},
  publisher={ACM}
}

@article{Cheung_Realtime.video.using.agent.over.3G.networks:2005,
  title={Real-time video transport optimization using streaming agent over {3G} wireless networks},
  author={Cheung, Gene and Tan, Wai-tian and Yoshimura, Takeshi},
  journal={IEEE Transactions on Multimedia},
  volume={7},
  number={4},
  pages={777},
  year={2005}
}

@article{Vasile_Hybrid.multiagent.approach.for.optimization:2009,
  title={A hybrid multiagent approach for global trajectory optimization},
  author={Vasile, Massimiliano and Locatelli, Marco},
  journal={Journal of Global Optimization},
  volume={44},
  number={4},
  pages={461--479},
  year={2009},
  publisher={Springer}
}

@article{Wolfram_Cellular.Automata:1986,
  title={{Theory and applications of cellular automata}},
  author={Wolfram, S.},
  year={1986}
}

@article{Xiao_A_unified_conceptual_framework_for_geographical_optimization_using_evolutionary_algorithms:2008,
      title={A unified conceptual framework for geographical optimization using evolutionary algorithms},
      author={Xiao, Ningchuan},
      journal={Annals of the Association of American Geographers},
      volume={98},
      number={4},
      pages={795--817},
      year={2008},
      publisher={Taylor \& Francis}
}

@article{Yin_A_framework_for_integrating_GIS_and_parallel_computing_for_spatial_control_problems_a_case_study_of_wildfire_dontrol:2012,
      title={A framework of integrating {GIS} and parallel computing for spatial control problems--{A} case study of wildfire control},
      author={Yin, Ling and Shaw, Shih-Lung and Wang, Dali and Carr, Eric A. and Berry, Michael W. and Gross, Louis J. and Comiskey, Jane E.},
      journal={International Journal of Geographical Information Science},
      volume={26},
      number={4},
      pages={621--641},
      year={2012},
      publisher={Taylor \& Francis}
}

@article{Sarkar_Cellular.automata.history:2000,
  title={{A brief history of cellular automata}},
  author={Sarkar, P.},
  journal={ACM Computing Surveys (CSUR)},
  volume={32},
  number={1},
  pages={107},
  year={2000},
  publisher={ACM}
}

@article{Esposito_Genetic.optimization.for.optimum.3G.network.planning:2010,
  title={Genetic optimization for optimum {3G} network planning: An agent-based parallel implementation},
  author={Esposito, Alessandra and Tarricone, Luciano and Luceri, Stefano and Zappatore, Marco},
  journal={Novel Algorithms and Techniques in Telecommunications and Networking},
  pages={189--194},
  year={2010},
  publisher={Springer}
}

@article{Siomina:Minimum.pilot.power.for.service.coverage,
	author = {Siomina, Iana and Yuan, Di},
	journal = {Wireless Networks},
	month = {June},
	number = {3},
	pages = {393--402},
	title = {{Minimum pilot power for service coverage in WCDMA networks}},
	volume = {14},
	year = {2007}
}

@article{Stone_OpenCL.A.parallel.programming.standard:2010,
  title={{OpenCL: A parallel programming standard for heterogeneous computing systems}},
  author={Stone, John E. and Gohara, David and Shi, Guochun},
  journal={Computing in Science \& Engineering},
  number={3},
  volume={12},
  pages={66--73},
  year={2010},
  publisher={NIH Public Access}
}

@article{NVIDIA_Compute.Unified.Device.Architecture:2007,
  title={{Compute Unified Device Architecture Programming Guide}},
  author={Nvidia, C.},
  journal={NVIDIA: Santa Clara, CA},
  volume={83},
  pages={129},
  year={2007}
}

@article{Valcarce_Applying.FDTD.to.the.coverage.prediction.of.WiMAX:2009,
  title={Applying {FDTD} to the coverage prediction of {WiMAX} {Femtocells}},
  author={Valcarce, Alvaro and De La Roche, Guillaume and J{\"u}ttner, {\'A}lpar and L{\'o}pez-P{\'e}rez, David and Zhang, Jie},
  journal={EURASIP Journal on Wireless Communications and Networking},
  volume={2009},
  number={1},
  pages={1--13},
  issn={1687-1472},
  year={2009},
  publisher={Springer}
}

@article{Cunningham_Network.growth.theory.and.evidence:2010,
  title={{Network growth: Theory and evidence from the mobile telephone industry}},
  author={Cunningham, Brendan M. and Alexander, Peter J. and Candeub, Adam},
  journal={Information Economics and Policy},
  volume={22},
  number={1},
  pages={91--102},
  issn={0167-6245},
  year={2010},
  publisher={Elsevier}
}

@article{Romeijn_Simulated.annealing:2009,
  title={{Simulated annealing and adaptive search in global optimization}},
  author={Romeijn, H.E. and Smith, R.L.},
  journal={Probability in the Engineering and Informational Sciences},
  volume={8},
  number={04},
  pages={571--590},
  year={2009},
  publisher={Cambridge University Press}
}

@article{Kalai_Simulated.annealing:2006,
  title={{Simulated annealing for convex optimization}},
  author={Kalai, A.T. and Vempala, S.},
  journal={Mathematics of Operations Research},
  volume={31},
  number={2},
  pages={253--266},
  year={2006},
  publisher={Citeseer}
}

@incollection{Stallman_GNU_License:1991,
    year={2000},
    booktitle={Debian GNU/Linux},
    doi={10.1007/3-540-28623-3_23},
    title={{GNU General Public License}},
    publisher={Springer Berlin Heidelberg},
    pages={905-914},
    author={Stallman, Richard and others},
}


@inproceedings{Varbrand_Mathematical.programming.approach:2003,
  title={A mathematical programming approach for pilot power optimization in {WCDMA} networks},
  author={V{\"a}rbrand, Peter and Yuan, Di},
  booktitle={Proceedings of the Australian Telecommunications, Networks and Applications Conference (ATNAC'03)},
  year={2003},
}

@inproceedings{Siomina_Pilot.power.optimization:2004,
  title={{Pilot power optimization in WCDMA networks}},
  author={Siomina, Iana and Yuan, Di},
  booktitle={Proceedings of WiOpt},
  volume={4},
  month={March},
  year={2004}
}

@inproceedings{Akhter-GRASS_GIS_on_high_performance_computing_with_MPI_OpenMP_and_Ninf-G:2010,
      title={{GRASS GIS} on High Performance Computing with {MPI}, {OpenMP} and {Ninf-G} Programming Framework},
      author={Akhter, Shamim and Aida, Kento and Chemin, Yann},
      editor={Kajiwara, Koji and Muramatsu, Kanako and Soyama, Noriko and Endo, Takahiro and Ono, Akiko and Akatsuka, Shin},
      booktitle={Proceeding of ISPRS 2010},
      address={Kyoto, Japan},
      month={August},
      year={2010}
}

@inproceedings{Blazek_GRASS_server:2004,
      title={The {GRASS} server},
      author={Blazek, Radim and Nardelli, Luca},
      booktitle={Proceedings of the Free/Libre and Open Source Software for Geoinformatics: GIS-GRASS Users Conference},
      address={Bangkok, Thailand},
      month={September},
      year={2004}
}

@inproceedings{Danalis-Transformations_to_paralle_codes_for_communication_computation_overlap:2005,
      title={Transformations to parallel codes for communication-computation overlap},
      author={Danalis, Anthony and Kim, Ki-Yong and Pollock, Lori and Swany, Martin},
      booktitle={Proceedings of the 2005 ACM/IEEE conference on Supercomputing},
      pages={58},
      address={Seattle, WA, USA},
      month={November},
      year={2005},
      publisher={IEEE}
}

@inproceedings{Eisenblatter_Momentum.data.scenarios:2004,
      title={Momentum data scenarios for radio network planning and simulation},
      author={Eisenbl{\"a}tter, A. and Geerdes, H.F. and T{\"u}rke, U. and Koch, T.},
      booktitle={Proc. of WiOpt},
      volume={4},
      year={2004}
}

@inproceedings{Elteir-Enhancing_mapreduce_via_async_data_processing:2010,
      title={Enhancing mapreduce via asynchronous data processing},
      author={Elteir, Marwa and Lin, Heshan and Feng, Wu-chun},
      booktitle={Parallel and Distributed Systems (ICPADS), 2010 IEEE 16th International Conference on},
      pages={397--405},
      month={December},
      year={2010},
      address={Shanghai, China},
      publisher={IEEE},
      doi={10.1109/ICPADS.2010.116},
      ISSN={1521-9097}
}

@inproceedings{Gregg-Where_is_the_data:2011,
          title={Where is the data? {Why} you cannot debate {CPU} vs. {GPU} performance without the answer},
          author={Gregg, Chris and Hazelwood, Kim},
          booktitle={Performance Analysis of Systems and Software (ISPASS), 2011 IEEE International Symposium on},
          pages={134--144},
          year={2011},
          publisher={IEEE}
}

@inproceedings{Hamada_Cluster_of_GPUs:2010,
      title={190 {TFlops} astrophysical {N-body} simulation on a cluster of {GPUs}},
      author={Hamada, Tsuyoshi and Nitadori, Kei},
      booktitle={High Performance Computing, Networking, Storage and Analysis (SC), 2010 International Conference for},
      pages={1--9},
      month={November},
      year={2010},
      address={New Orleans, LA, USA},
      publisher={IEEE}
}

@inproceedings{Liu-Modeling_and_simulation_of_electromagnetic_environment:2012,
      title={Modeling and Simulation of Large-Domain Complex Electromagnetic Environment Based on Quasi-3D Method},
      author={Liu, Dengkun and Zhang, Lin and Ren, Lei and Wu, Yingnian and Mu, Lan and Shen, Yuewei},
      editor={Chen, Ran},
      booktitle={2011 International Conference in Electrics, Communication and Automatic Control Proceedings},
      pages={1357--1364},
      month={June},
      year={2012},
      address={Chongqing, China},
      publisher={Springer}
}

@inproceedings{Neskovic_A_field_strength_prediction_model_based_on_artificial_neural_networks:1998,
      title={A field strength prediction model based on artificial neural networks},
      author={Neskovic, Aleksandar and Neskovic, Natasa and Paunovic, Dorde},
      booktitle={Electrotechnical Conference, 1998. MELECON 98., 9th Mediterranean},
      volume={1},
      pages={420--424},
      year={1998},
      publisher={IEEE}
}

@inproceedings{Rabenseifner-Hybrid_MPI_OpenMP_parallel_programming_on_clusters_of_multicore_nodes:2009,
      title={Hybrid {MPI/OpenMP} parallel programming on clusters of multi-core {SMP} nodes},
      author={Rabenseifner, Rolf and Hager, Georg and Jost, Gabriele},
      booktitle={Parallel, Distributed and Network-based Processing, 2009 17th Euromicro International Conference on},
      pages={427--436},
      month={February},
      year={2009},
      address={Weimar, Germany},
      publisher={IEEE}
}

@inproceedings{Schaa-Exploring_the_multiple_GPU_design_space:2009,
      title={Exploring the multiple-{GPU} design space},
      author={Schaa, Dana and Kaeli, David},
      booktitle={Parallel \& Distributed Processing, 2009. IPDPS 2009. IEEE International Symposium on},
      pages={1--12},
      year={2009},
      publisher={IEEE}
}

@inproceedings{Schroder-Efficient_implementation_of_parallel_radio_wave_propagation:2011,
      title={Efficient implementation and evaluation of parallel radio wave propagation},
      author={Schroder, Florian and Reyer, Michael and Mathar, Rudolf},
      booktitle={Antennas and Propagation (EUCAP), Proceedings of the 5th European Conference on},
      pages={2323--2327},
      month={April},
      year={2011},
      address={Rome, Italy},
      publisher={IEEE}
}

@inproceedings{Siegel_Verification_of_halting_properties_for_MPI_programs:2007,
      title={Verification of halting properties for {MPI} programs using nonblocking operations},
      author={Siegel, Stephen F. and Avrunin, George S.},
      editor={Capello, Franck and Herault, Thomas and Dongarra, Jack},
      booktitle={Recent Advances in Parallel Virtual Machine and Message Passing Interface},
      pages={326--334},
      address={Paris, France},
      month={September},
      year={2007},
      publisher={Springer}
}


@phdthesis{Cruz_Particle.Flow.Simulation:2010,
    author={Cruz Villaroel, F.A.},
    title={{Particle flow simulation using a parallel FMM on distributed memory systems and GPU architectures}},
    school={Faculty of Science, University of Bristol},
    year={2010},
    month={November}
}

@phdthesis{Gerdenitsch_PhD:2004,
  author={Gerdenitsch, A.},
  title={{System capacity optimization of UMTS FDD networks}},
  school={Technische Universit\"{a}t Wien},
  year={2004},
  month={June}
}

@unpublished{QRap,
    author = {{University of Pretoria}},
    title = "Q-Rap: Radio Planning Tool",
    accessed = "Accessed October 2012",
    year = {2012},
    note = {Available from: http://www.qrap.org.za/home/},
}

@unpublished{QuantumGIS,
    author={{Open Source Geospatial Foundation}},
    title = {{Quantum GIS}},
    accessed = "Accessed October 2012",
    year = {2012},
    note = {Available from: http://www.qgis.org/}
}



@misc{Shepler_Network_file_system:2003,
      title={Network file system {(NFS)} version 4 protocol},
      author={Shepler, Spencer and others},
      year={2003},
      publisher={Tech. Rep. RFC 3530, IETF},
      note = {\url{http://www.rfc-editor.org/rfc/rfc3530.txt}, [Online; accessed 21-January-2014]}
}

@misc{Number_of_base_stations_in_England,
    title = {Table of Base Station Totals},
    author = {Ofcom},
    publisher = {Independent regulator and competition authority for the UK communications industries},
    note={\url{http://stakeholders.ofcom.org.uk/sitefinder/table-of-totals}, [Online; accessed 04-January-2014]},
}

