@article{Benedicic-A_GRASS_GIS_parallel_module_for_radio-propagation_predictions:2013,
    title={{A GRASS GIS parallel module for radio-propagation predictions}},
    author={Benedi\v{c}i\v{c}, Lucas and Cruz, Felipe A. and Hamada, Tsuyoshi and Koro\v{s}ec, Peter},
    journal={International Journal of Geographical Information Science},
    doi = {10.1080/13658816.2013.879151},
    number={in press},
    year={2014}
    publisher={Taylor \& Francis}
}

article{Benedicic-An_adaptable_parallel_simulation_framework_for_LTE_coverage_planning:2013,
    title={{An adaptable parallel simulation framework for LTE coverage planning}},
    author={Benedi\v{c}i\v{c}, Lucas and Pesko, Marko and Javornik, Toma\v{z} and Koro\v{s}ec, Peter},
    journal={Simulation},
    number={under review},
    year={2013},
    publisher={Sage Publications}
}

@article{Benedicic-A_GPU_based_parallel_agent_optimization_approach:2013,
    title={{A GPU-based parallel-agent optimization approach for the service-coverage problem in UMTS networks}},
    author={Benedi{\v{c}}i{\v{c}}, Lucas and {\v{S}}tular, Mitja and Koro{\v{s}}ec, Peter},
    journal={Computing and Informatics},
    number={in press},
    year={2013}
}

@article{Benedicic-Automatic_clutter_loss_optimization:2013,
    title={Automatic clutter-loss optimization: a case study in {LTE} networks},
    author={Benedi\v{c}i\v{c}, Lucas and Javornik, Toma\v{z}},
    journal={IEICE Transactions on Communications},
    number={under review},
    year={2013},
    publisher={The Institute of Electronics, Information and Communication Engineers}
}

@article{Benedicic-A_metaheuristic_approach_for_propagation_model_tuning:2013,
    title={A Metaheuristic Approach for Propagation-Model Tuning in {LTE} Networks},
    author={Benedi\v{c}i\v{c}, Lucas and Pesko, Marko and Javornik, Toma\v{z} and Koro\v{s}ec, Peter},
    journal={Informatica},
    number={under review},
    year={2013}
}

@article{Osterman-A_GPU_LOS_approach:2013,
    title={{An IO-efficient parallel implementation of an R2 viewshed algorithm for large terrain maps on a CUDA GPU}},
    author={Osterman, Andrej and Benedi{\v{c}}i{\v{c}}, Lucas and Rito{\v{s}}a, Patrik},
    journal={International Journal of Geographical Information Science},
    number={under review},
    year={2013}
} 

@article{Pesko-An_indirect_self_tuning_method_for_constructing:2013,
    title={An indirect self-tuning method for constructing the radio frequency layer of radio environment map},
    author={Pesko, Marko and Benedi{\v{c}}i{\v{c}}, Lucas and Javornik, Toma{\v{z}} and Ko{\v{s}}ir, Andrej and {\v{S}}tular, Mitja and Mohor{\v{c}}i{\v{c}}, Mihael},
    journal={IET Electronic Letters},
    number={under review},
    year={2013}
}



@conference{Benedicic_Balancing_downlink_uplink_soft_handover_areas_in_UMTS_networks:2012,
    title={{Balancing downlink and uplink soft-handover areas in UMTS networks}},
    author={Benedi{\v{c}}i{\v{c}}, Lucas and {\v{S}}tular, Mitja and Koro{\v{s}}ec, Peter},
    booktitle={Evolutionary Computation (CEC), 2012 IEEE Congress on},
    pages={1--8},
    year={2012},
    organization={IEEE}
}

@conference{Benedicic_Pilot.power.optimization:2010,
    author = {Benedi{\v{c}}i{\v{c}}, Lucas and {\v{S}}tular, Mitja and Koro{\v{s}}ec, Peter},
    title = {{Pilot power optimization in UMTS: A multi-agent approach}},
    booktitle = {Proceedings of the 13th International Multiconference Information Society - IS 2010},
    year = {2010},
    isbn = {978-961-264-025-5},
    location = {Ljubljana, Slovenia},
    publisher = {Jo{\v{z}}ef Stefan Institute},
    volume={A}
}


@conference{Benedicic-Reducing_costs:2010,
    author = {Benedi{\v{c}}i{\v{c}}, Lucas and Koro{\v{s}}ec, Peter},
    title = {{Reducing costs with computer power management}},
    booktitle = {Proceedings of the 4th Jo{\v{z}}ef Stefan International Postgraduate School Students Conference},
    year = {2012},
    location = {Ljubljana, Slovenia},
    publisher = {Jo{\v{z}}ef Stefan International Postgraduate School},
}

@conference{Benedicic-AVN:2011,
    author = {Benedi{\v{c}}i{\v{c}}, Lucas},
    title = {{Pilot power optimization in UMTS: a multi-agent approach}},
    booktitle = {Zbornik Povzetkov Delavnic "Algoritmi po vzorih iz narave" v {\v{S}}tudijskem Letu 2010/2011},
    year = {2011},
    location = {Ljubljana, Slovenia},
    publisher = {Jo{\v{z}}ef Stefan Institute},
    pages = {7}
}

@conference{Benedicic-AVN:2013,
    author = {Benedi{\v{c}}i{\v{c}}, Lucas},
    title = {Parallelization and optimization methods for radio-network planning},
    booktitle = {Zbornik Povzetkov Delavnic "Algoritmi po vzorih iz narave" v {\v{S}}tudijskem Letu 2012/2013},
    year = {2013},
    location = {Ljubljana, Slovenia},
    publisher = {Jo{\v{z}}ef Stefan Institute},
}

