@book{nawrocki2006understanding,
  title={{Understanding UMTS radio network modelling, planning and automated optimisation: theory and practice}},
  author={Nawrocki, M. and Aghvami, H. and Dohler, M.},
  year={2006},
  publisher={John Wiley \& Sons}
}


@book{Vejlgaard:PhD,
  title={{Data Receiver for the Universal Mobile Telecommunications System (UMTS)}},
  author={Vejlgaard, B. N.},
  publisher={PhD thesis, Aalborg University, Denmark},
  year={2001}
}


@book{Jakl:PhD,
  title={{Evolutionary Algorithms for UMTS Network Optimization}},
  author={Jakl, S.},
  publisher={PhD thesis, Technische Universitat Wien},
  year={2004}
}


@book{WCDMAforUMTS_RadioAccessForThirdGenerationMobileCommunications,
  title={{WCDMA for UMTS: Radio access for third generation mobile communications, Third
  Edition}},
  author={Holma, H. and Toskala, A.},
  year={2005},
  publisher={John Wiley \& Sons, Inc. New York, NY, USA}
}


@book{Aydin:Heuristic.Optimization.Of.WCDMA,
	address = {Berlin, Heidelberg},
	author = {Aydin, Mehmet and Yang, Jun and Zhang, Jie},
	booktitle = {Applications of Evolutionary Computing},
	isbn = {978-3-540-71804-8},
	pages = {111--120},
	publisher = {Springer Berlin Heidelberg},
	series = {Lecture Notes in Computer Science},
	title = {{Applications of Evolutinary Computing}},
	volume = {4448},
	year = {2007}
}


@book{MSc.antenna.optimization:2003,
	author = {Karner, W.},
	number = {September},
	publisher = {Citeseer},
	title = {{Optimum default base station parameter settings for UMTS networks}},
	year = {2003}
}


@article{GA.for.antenna.placement:2005,
	title={{Comparison and evaluation of multiple-objective genetic algorithms for the antenna placement problem}},
	author={Raisanen, L. and Whitaker, R.},
	issn = {1383-469X},
	journal = {{Mobile Networks and Applications}},
	publisher={Springer},
	pages={79-88},
	volume={10},
	month={February},
	year={2005}
}


@article {CPICH.optimization:2009,
 author = {Chen, Lei and Yuan, Di},
 title = {Fast algorithm for large-scale UMTS coverage planning with soft handover consideration},
 booktitle = {IWCMC '09: Proceedings of the 2009 International Conference on Wireless Communications and Mobile Computing},
 year = {2009},
 isbn = {978-1-60558-569-7},
 pages = {1488--1492},
 location = {Leipzig, Germany},
 doi = {http://doi.acm.org/10.1145/1582379.1582705},
 publisher = {ACM},
 address = {New York, NY, USA},
}


@article{CPICH.optimization:2008,
  title={{Automated planning of CPICH power for enhancing HSDPA performance at cell edges with preserved control of R99 soft handover}},
  author={Chen, L. and Yuan, D.},
  journal={Proceedings of IEEE ICC'08},
  year={2008}
}


@article{CPICH.optimization:2007,
 author = {Siomina, Iana and Yuan, Di},
 title = {Automated planning of CPICH power allocation for enhancing HSDPA performance at cell edges},
 booktitle = {Mobility '07: Proceedings of the 4th international conference on mobile technology, applications, and systems and the 1st international symposium on Computer human interaction in mobile technology},
 year = {2007},
 isbn = {978-1-59593-819-0},
 pages = {112--118},
 location = {Singapore},
 doi = {http://doi.acm.org/10.1145/1378063.1378083},
 publisher = {ACM},
 address = {New York, NY, USA},
}


@article{CPICH.optimization:2003,
  title={{CPICH power optimisation by means of simulated annealing in an UTRA-FDD environment}},
  author={Garcia-Lozano, M. and Ruiz, S. and Olmos, J.},
  journal={Electronics Letters},
  volume={39},
  pages={1676},
  year={2003}
}


@article{Coverage.optimization.with.cost.function:2002,
  title={{WCDMA Common Pilot Power Control with Cost Function Minimization}},
  author={Valkealahti, K. and Hoglund, A. and Parkkinen, J. and Flanagan, A.},
  journal={statistics},
  volume={1000},
  number={1},
  pages={1},
  year={2002}
}


@article{Coverage.optimization.on.CPICH.tilt.and.azimuth:2006,
  title={{Automated optimization of service coverage and base station antenna configuration in UMTS networks}},
  author={Siomina, I. and Varbrand, P. and Di Yuan},
  journal={IEEE Wireless Communications},
  volume={13},
  number={6},
  pages={16--25},
  year={2006}
}


@article{minimum.set.covering.problem:1997,
  title={{A low-cost cellular mobile communication system: a hierarchicaloptimization network resource planning approach}},
  author={Hao, Q. and Soong, B.H. and Gunawan, E. and Ong, J.T. and Soh, C.B. and Li, Z.},
  journal={IEEE Journal on Selected Areas in Communications},
  volume={15},
  number={7},
  pages={1315--1326},
  year={1997}
}



@article{minimum.set.covering.problem:2000,
  title={{Optimum positioning of base stations for cellular radio networks}},
  author={Mathar, R. and Niessen, T.},
  journal={Wireless Networks},
  volume={6},
  number={6},
  pages={421--428},
  year={2000},
  publisher={Springer}
}


@article{CPICH.and.antenna.tilt.optimization:2005,
 author = {Siomina, Iana},
 title = {P-CPICH Power and Antenna Tilt Optimization in UMTS Networks},
 booktitle = {AICT-SAPIR-ELETE '05: Proceedings of the Advanced Industrial Conference on Telecommunications/Service Assurance with Partial and Intermittent Resources Conference/E-Learning on Telecommunications Workshop},
 year = {2005},
 isbn = {0-7695-2388-9},
 pages = {268--273},
 doi = {http://dx.doi.org/10.1109/AICT.2005.66},
 publisher = {IEEE Computer Society},
 address = {Washington, DC, USA},
}


@article{Antenna.tilt.and.CPICH:2003,
	author = {A. Gerdenitsch and S. Jakl and M. Toeltsch and T. Neubauer},
	title = {Intelligent algorithms for system capacity optimization of UMTS FDD networks},
	publisher = {IEEE},
	year = {2003},
	journal = {IEE Conference Publications},
	volume = {2003},
	number = {CP494},
	pages = {222-226},
	keywords = {antenna tilt; common pilot channel power; UMTS radio network; optimization algorithms; rule-based approach; simulated annealing; European city; planning; capacity; intelligent algorithms},
	doi = {10.1049/cp:20030368}
}


@article{Amaldi:Radio.planning.and.coveraga.optimization,
	author = {Amaldi, Edoardo and Capone, Antonio and Malucelli, Federico},
	issn = {1022-0038},
	journal = {Wireless Networks},
	month = {August},
	number = {4},
	pages = {435--447},
	title = {{Radio planning and coverage optimization of 3G cellular networks}},
	volume = {14},
	year = {2007}
}


@inproceedings{Antenna.azimuth.tilt:2009,
 author = {Gordejuela-S\'{a}nchez, Fernando and L\'{o}pez-P\'{e}rez, David and Zhang, Jie},
 title = {A two-step method for the optimization of antenna azimuth/tilt and frequency planning in OFDMA multihop networks},
 booktitle = {IWCMC '09: Proceedings of the 2009 International Conference on Wireless Communications and Mobile Computing},
 year = {2009},
 isbn = {978-1-60558-569-7},
 pages = {1404--1409},
 location = {Leipzig, Germany},
 doi = {http://doi.acm.org/10.1145/1582379.1582687},
 publisher = {ACM},
 address = {New York, NY, USA},
 }


@article{GA.for.tilt.and.CPICH:2004,
	author = {Gerdenitsch, A. and Jakl S. and Toeltsch, M.},
	title = {{The use of genetic algorithms for capacity optimization in UMTS FDD networks}},
	journal = {Proc. 3rd International Conference on Networking (ICN'04)},
	month = {March},
	year = {2004}
}


@article{3GPP_TR_23.101,
  title={{General UMTS architecture, v4.0.0}},
  author={3GPP},
  publisher={3GPP},
  note={\url{http://www.3gpp.org}, [Online; accessed May-2009]}
}


@article{3GPP_TR_50.099,
  title={{Functionality in early GSM releases}},
  author={3GPP},
  publisher={3GPP},
  note={\url{http://www.3gpp.org}, [Online; accessed May-2009]}
}


@article{3GPP_TS_25.133,
  title={{Requirements for support of radio resource management (FDD), v4.17.0}},
  author={3GPP},
  publisher={3GPP},
  note={\url{http://www.3gpp.org}, [Online; accessed May-2009]}
}



@article{amaldi:planning.umts.base.station.location,
  title={{Planning UMTS base station location: Optimization models with power control and algorithms}},
  author={Amaldi, E. and Capone, A. and Malucelli, F. and e Informazione, D.E.},
  journal={IEEE Transactions on Wireless Communications},
  volume={2},
  number={5},
  pages={939--952},
  year={2003}
}


@article{Siomina:Minimum.pilot.power.for.service.coverage,
	author = {Siomina, Iana and Yuan, Di},
	issn = {1022-0038},
	journal = {Wireless Networks},
	month = {June},
	number = {3},
	pages = {393--402},
	title = {{Minimum pilot power for service coverage in WCDMA networks}},
	volume = {14},
	year = {2007}
}


@conference{flore2005:cell_reselection,
  title={{Cell Reselection Parameter Optimization in UMTS}},
  author={Flore, D. and Brunner, C. and Grilli, F. and Vanghi, V.},
  booktitle={Wireless Communication Systems, 2005. 2nd International Symposium on},
  pages={50--53},
  year={2005}
}


@conference{Coverage.balance:2002,
  title={{WCDMA common pilot power control for load and coverage balancing}},
  author={Valkealahti, K. and Hoglund, A. and Parkkinen, J. and Hamalainen, A.},
  booktitle={Proceedings of PIMRC},
  volume={2},
  organization={Citeseer}
}


@conference{Antenna.Configuration:2008,
  title={{Enhancing HSDPA performance via automated and large-scale optimization of radio base station antenna configuration}},
  author={Siomina, I. and Yuan, D.},
  booktitle={Proc. 67th IEEE Vehicular Technology Conference (VTC2008-Spring)},
  pages={2061--2065},
  year={2008}
}


@conference{minimum.set.covering.problem:1998,
  title={{Demand-based radio network planning of cellular mobilecommunication systems}},
  author={Tutschku, K.},
  booktitle={IEEE INFOCOM'98. Seventeenth Annual Joint Conference of the IEEE Computer and Communications Societies. Proceedings},
  volume={3}
}


@misc{Momentum.project,
   author = {IST-MOMENTUM},
   title = {{Models and Simulations for Network planning and Control of UMTS}},
   publisher = {European Project, European Commission, Brussels, Belgium},
   note = "\url{http://momentum.zib.de}, [Online; accessed 15-April-2010]"
}


@misc{umts_world:handover,
   author = "{UMTSW}orld.com",
   title = "Handover --- {UMTSW}orld.com",
   year = "2010",
   note = "\url{http://www.umtsworld.com/technology/handover.htm}, [Online; accessed 12-April-2010]"
}


@misc{3glteinfo:cellSelection,
   author = "{3g Lte Info}",
   title = "{UMTS} cell selection procedure --- {3g Lte Info}",
   year = "2010",
   note = "\url{http://www.3glteinfo.com/umts-cell-selection-procedure}, [Online; accessed 12-April-2010]"
}


@misc{wiki:hsdpa,
   author = "Wikipedia",
   title = "High-Speed Downlink Packet Access --- {W}ikipedia{,} The Free Encyclopedia",
   year = "2010",
   note = "\url{http://en.wikipedia.org/wiki/Hsdpa}, [Online; accessed 19-April-2010]"
}


@misc{wiki:soft_handover,
   author = "Wikipedia",
   title = "Soft handover --- {W}ikipedia{,} The Free Encyclopedia",
   year = "2010",
   note = "\url{http://en.wikipedia.org/wiki/Soft_handover}, [Online; accessed 19-April-2010]"
}
