@article{Cook2012,
 author = {Cook, Diane J. and Holder, Lawrence B.},
 title = {Sensor selection to support practical use of health-monitoring smart environments},
 journal = {Wiley Interdisciplinary Reviews: Data Mining and Knowledge Discovery},
 volume = {1},
 number = {4},
 year = {2011},
 issn = {1942-4787},
 pages = {339--351},
 numpages = {13},
 url = {http://dx.doi.org/10.1002/widm.20},
 doi = {10.1002/widm.20},
 publisher = {John Wiley \& Sons, Inc.},
 address = {New York, NY, USA}
} 

@book{Augusto2012,
  editor    = {Juan Carlos Augusto and
               Michael Huch and
               Achilles Kameas and
               Julie Maitland and
               Paul J. McCullagh and
               Jean Roberts and
               Andrew Sixsmith and
               Reiner Wichert},
  title     = {Handbook of Ambient Assisted Living -- Technology for Healthcare,
               Rehabilitation and Well-being},
  publisher = {IOS Press},
  series    = {Ambient Intelligence and Smart Environments},
  volume    = {11},
  year      = {2012},
  isbn      = {978-1-60750-836-6},
  address = {Amsterdam,  Netherlands}
}


%original:
%\bibitem{Bourke} A.K. Bourke and G.M. Lyons: A threshold-based fall-detection algorithm using a bi-axial gyroscope sensor, \textit{Medical Engineering \& Physics}, \textbf{30}(1), 84 -- 90, 2008.
@article{Bourke,
title = "A threshold-based fall-detection algorithm using a bi-axial gyroscope sensor",
journal = "Medical Engineering \& Physics",
volume = "30",
number = "1",
pages = "84--90",
year = "2008",
note = "",
issn = "1350-4533",
doi = "10.1016/j.medengphy.2006.12.001",
url = "http://www.sciencedirect.com/science/article/pii/S1350453306002657",
author = "A.K. Bourke and G.M. Lyons",
keywords = "Falls in the elderly",
keywords = "Fall detection",
keywords = "Gyroscope",
keywords = "Activities of Daily Living",
keywords = "Threshold"
}

%original:
%\bibitem{Breunig00lof} M.M. Breunig, H.P. Kriegel, R.T. Ng, and J. Sander: \textit{LOF: Identifying density based local outliers}, In Proceedings of the ACM SIGMOD Conference, Dallas, TX, May 2000.
@INPROCEEDINGS{Breunig00lof,
    author = {Markus Breunig and Hans-Peter Kriegel and Raymond T. Ng and Jörg Sander},
    title = {{LOF}: Identifying Density-Based Local Outliers},
    booktitle = {Proceedings of the 2000 ACM Sigmod International Conference on Management of Data},
    year = {2000},
    pages = {93--104},
    publisher = {ACM},
    address = {Dallas, Texas, USA}
}

%original:
%\bibitem{Choudhury06towards} T. Choudhury, M. Philipose, D. Wyatt, and J. Lester: Towards activity databases: Using sensors and statistical models to summarize people's lives, {\it IEEE Data Eng. Bull} \textbf{29}, 2006.
@ARTICLE{Choudhury06towards,
    author = {Tanzeem Choudhury and Matthai Philipose and Danny Wyatt and Jonathan Lester},
    title = {Towards activity databases: Using sensors and statistical models to summarize people's lives},
    journal = {IEEE Data Engineering Bulletin},
    year = {2006},
    volume = {29},
    pages = {49--56},

}

%original:
%\bibitem{Cook} D.J. Cook: Multi-agent smart environments, \textit{Journal of Ambient Intelligence and Smart Environments} \textbf{1}(1), 51--55, 2009.
@article{Cook,
 author = {Cook, Diane J.},
 title = {Multi-agent smart environments},
 journal = {Journal of Ambient Intelligence and Smart Environments},
 volume = {1},
 number = {1},
 month = jan,
 year = {2009},
 issn = {1876-1364},
 pages = {51--55},
 numpages = {5},
 publisher = {IOS Press},
} 
 

%original:
%\bibitem{Dore} A. Dore, M. Pinasco, L. Ciardelli, and C. Regazzoni: A bio-inspired system model for interactive surveillance applications, \textit{Journal of Ambient Intelligence and Smart Environments} \textbf{3}(2), 147--163, 2011.
@article{Dore,
 author = {Dore, Alessio and Pinasco, Matteo and Ciardelli, Lorenzo and Regazzoni, Carlo},
 title = {A bio-inspired system model for interactive surveillance applications},
 journal = {Journal of Ambient Intelligence and Smart Environments},
 issue_date = {April 2011},
 volume = {3},
 number = {2},
 month = apr,
 year = {2011},
 issn = {1876-1364},
 pages = {147--163},
 numpages = {17},
 url = {http://dl.acm.org/citation.cfm?id=2010455.2010458},
 acmid = {2010458},
 publisher = {IOS Press},
 address = {Amsterdam, The Netherlands, The Netherlands},
 keywords = {Cognitive video surveillance, interaction learning and modeling, personalized communications, predictive decision},
} 

%original:
%\bibitem{Fabien} F. Cardinaux, D. Bhowmik, C. Abhayaratne, and M.S. Hawley: Video based technology for ambient assisted living: A review of the literature,  \textit{Journal of Ambient Intelligence and Smart Environments}, \textbf{3}(3), 253--269, 2011.
@article{Fabien,
 author = {Cardinaux, Fabien and Bhowmik, Deepayan and Abhayaratne, Charith and Hawley, Mark S.},
 title = {Video based technology for ambient assisted living: A review of the literature},
 journal = {Journal of Ambient Intelligence and Smart Environments},
 issue_date = {August 2011},
 volume = {3},
 number = {3},
 month = aug,
 year = {2011},
 issn = {1876-1364},
 pages = {253--269},
 numpages = {17},
 url = {http://dl.acm.org/citation.cfm?id=2010465.2010468},
 acmid = {2010468},
 publisher = {IOS Press},
 address = {Amsterdam, The Netherlands, The Netherlands},
 keywords = {Assisted living, computer vision, video monitoring},
} 

orginal:
%\bibitem{Hunyhn07scalable} T. Huynh, U. Blanke, and B. Schiele:\textit{ Scalable recognition of daily activities with wearable sensors}, In Proceedings of LoCA 2007, LNCS, vol. 4718, pp. 50--67, 2007.
@inproceedings{Hunyhn07scalable,
 author = {Hu\`{y}nh, T\^{a}m and Blanke, Ulf and Schiele, Bernt},
 title = {Scalable recognition of daily activities with wearable sensors},
 booktitle = {Proceedings of the 3rd International Conference on Location-and Context-Awareness},
 series = {LoCA'07},
 year = {2007},
 isbn = {3-540-75159-9, 978-3-540-75159-5},
 location = {Oberpfaffenhofen, Germany},
 pages = {50--67},
 numpages = {18},
 url = {http://dl.acm.org/citation.cfm?id=1777235.1777241},
 acmid = {1777241},
 publisher = {Springer},
 address = {Berlin, Heidelberg},
} 

orginal:
%\bibitem{Lee04daily} B.S. Lee, T.P. Martin, N.P. Clarke, B. Majeed, and D. Nauck: Dynamic daily-living patterns and association analyses in telecare systems, In Proceedings of the Fourth IEEE International Conference on Data Mining, pp. 447--450, 2004.
@INPROCEEDINGS{Lee04daily, 
author={Lee, B.S. and Martin, T.P. and Clarke, N.P. and Majeed, B. and Nauck, D.}, 
booktitle={Fourth IEEE International Conference on Data Mining}, 
title={Dynamic daily-living patterns and association analyses in tele-care systems}, 
year={2004}, 
month={nov.}, 
volume={}, 
number={}, 
pages={447--450}, 
keywords={ daily-living patterns; environment-dependent data; fuzzy association analysis; individual-dependent data; sensor-network domain knowledge; telecare systems; data analysis; health care; telemedicine;}, 
doi={10.1109/ICDM.2004.10023}, 
ISSN={},
  publisher = {IEEE Computer Society Press},
  address = {Brighton, United Kingdom}
  }

orginal:
%\bibitem{Lymberopoulos} D. Lymberopoulos, A. Bamis, and A. Savvides: Extracting spatiotemporal human activity patterns in assisted living using a home sensor network. In Proceedings of PETRA, Athens, Greece, 2008.
@inproceedings{Lymberopoulos,
 author = {Lymberopoulos, Dimitrios and Bamis, Athanasios and Savvides, Andreas},
 title = {Extracting spatiotemporal human activity patterns in assisted living using a home sensor network},
 booktitle = {Proceedings of the 1st International Conference on Pervasive Technologies Related to Assistive Environments},
 series = {PETRA '08},
 year = {2008},
 isbn = {978-1-60558-067-8},
 location = {Athens, Greece},
 pages = {29:1--29:8},
 articleno = {29},
 numpages = {8},
 url = {http://doi.acm.org/10.1145/1389586.1389621},
 doi = {10.1145/1389586.1389621},
 acmid = {1389621},
 publisher = {ACM},
 address = {New York, NY, USA},
 keywords = {human activity model, spatiotemporal activity patterns},
} 

orginal:
%\bibitem{Lustrek09detection} M. Lustrek and B. Kaluza: Fall detection and activity recognition with machine learning, {\it Informatica} \textbf{33}(2), 197--204, 2009

orginal:
%\bibitem{Lustrek-AmI09} M. Lustrek, B. Kaluza, E. Dovgan, B. Pogorelc, and M. Gams: Behavior analysis based on coordinates of body tags, In Proceedings of the European Conference on Ambient Intelligence (AmI 2009), pp. 14--23, Salzburg, Austria, 2009.


orginal:
%\bibitem{Muncaster07model} J. Muncaster and Y. Ma: Hierarchical model-based activity recognition with automatic low-level state discovery, {\it Journal of Multimedia} \textbf{5}, 66--76, 2007.
@ARTICLE{Muncaster07model,
    author = {Justin Muncaster and Yunqian Ma},
    title = {Hierarchical Model-Based Activity Recognition With Automatic Low-Level State Discovery},
    PAGES = {66--67}, 
    volume={5}, 
    year = {2007},
    journal = {Journal of Multimedia}
}

orginal:
%\bibitem{Monekosso} D.N. Monekosso and P. Remagnino: Behavior analysis for assisted living, \textit{IEEE Transactions on Automation Science and Engineering}, \textbf{7}(4), 879--886, 2010.
@ARTICLE{Monekosso, 
author={Monekosso, D.N. and Remagnino, P.}, 
journal={IEEE Transactions on Automation Science and Engineering}, title={Behavior Analysis for Assisted Living}, 
year={2010}, 
month={oct. }, 
volume={7}, 
number={4}, 
pages={879--886}, 
keywords={assisted living;atypical behavior;human intervention;model based behavior analysis system;sensor data;smart home;behavioural sciences;home computing;learning systems;model-based reasoning;}, 
doi={10.1109/TASE.2010.2049840}, 
ISSN={1545-5955},}

orginal:
%\bibitem{Rabiner} L.R. Rabiner: A tutorial on hidden Markov models and selected applications in speech recognition. In Proceedings of the IEEE \textbf{77}(2): 257-–286, 1989.


orginal:
%\bibitem{Storf} H. Storf, T. Kleinberger, M. Becker, M. Schmitt, F. Bomarius, and S. Prueckner: An event-driven approach to activity recognition in ambient assisted living, In Proceedings of the European Conference on Ambient Intelligence (AmI 2009), \textit{LNCS}, volume 5859/2009, 123-132, 2009.
@inproceedings{Storf,
 author = {Storf, Holger and Kleinberger, Thomas and Becker, Martin and Schmitt, Mario and Bomarius, Frank and Prueckner, Stephan},
 title = {An Event-Driven Approach to Activity Recognition in Ambient Assisted Living},
 booktitle = {Proceedings of the European Conference on Ambient Intelligence},
 series = {AmI '09},
 year = {2009},
 isbn = {978-3-642-05407-5},
 location = {Salzburg, Austria},
 pages = {123--132},
 numpages = {10},
 url = {http://dx.doi.org/10.1007/978-3-642-05408-2_16},
 doi = {10.1007/978-3-642-05408-2_16},
 acmid = {1694647},
 publisher = {Springer},
 address = {Berlin, Heidelberg},
 keywords = {Activity Recognition, Ambient Assisted Living, Complex Event Processing, Information Processing, Multi-Agent Systems},
} 


%original:
%\bibitem{Wallace09behavior} S.A. Wallace: Behavior bounding: An efficient method for high-level behavior comparison, {\it Journal of Artificial Intelligence Research} \textbf{34}, 165--208, 2009.
@article{Wallace09behavior,
 author = {Wallace, Scott},
 title = {Behavior bounding: {A}n efficient method for high-level behavior comparison},
 journal = {Journal of Artificial Intelligence Research},
 issue_date = {January 2009},
 volume = {34},
 number = {1},
 month = mar,
 year = {2009},
 issn = {1076-9757},
 pages = {165--208},
 numpages = {44},
 url = {http://dl.acm.org/citation.cfm?id=1622716.1622722},
 acmid = {1622722},
 publisher = {AI Access Foundation},
 address = {USA},
} 


@article{Kangas2008,
  title = "Comparison of low-complexity fall detection algorithms for body attached accelerometers",
  journal = "Gait \& Posture",
  volume = "28",
  number = "2",
  pages = "285--291",
  year = "2008",
  issn = "0966-6362",
  doi = "10.1016/j.gaitpost.2008.01.003",
  url = "http://www.sciencedirect.com/science/article/pii/S096663620800026X",
  author = "Maarit Kangas and Antti Konttila and Per Lindgren and Ilkka Winblad and Timo Jamsa"
}

@INPROCEEDINGS{Tapia2007, 
   author={Tapia, E.M. and Intille, S.S. and Haskell, W. and Larson, K. and Wright, J. and King, A. and Friedman, R.}, 
   booktitle={11th IEEE International Symposium on Wearable Computers}, 
   title={Real-Time Recognition of Physical Activities and Their Intensities Using Wireless Accelerometers and a Heart Rate Monitor}, 
   year={2007}, 
   month={oct.}, 
   volume={}, 
   number={}, 
   pages={37--40}, 
   doi={10.1109/ISWC.2007.4373774}, 
   ISSN={},
  publisher = {IEEE Computer Society Press},
  address = {Boston, MA, USA}
 }

 @INPROCEEDINGS{Qian2004, 
   author={Gang Qian and Feng Guo and Ingalls, T. and Olson, L. and James, J. and Rikakis, T.}, 
   booktitle={IEEE International Conference on Multimedia and Expo}, title={A gesture-driven multimodal interactive dance system}, 
   year={2004}, 
   month={june}, 
   number={}, 
   pages={1579--1582}, 
   doi={10.1109/ICME.2004.1394550}, 
   ISSN={},
  publisher = {IEEE Computer Society Press},
  address = {Taipei, Taiwan}
 }

 @inproceedings{Sukthankar2005,
   author = {Sukthankar, Gita and Sycara, Katia},
   title = {A cost minimization approach to human behavior recognition},
   booktitle = {Proceedings of the Fourth International Joint Conference on Autonomous Agents and Multiagent Systems},
   series = {AAMAS '05},
   year = {2005},
   isbn = {1-59593-093-0},
   location = {The Netherlands},
   pages = {1067--1074},
   numpages = {8},
   url = {http://doi.acm.org/10.1145/1082473.1082635},
   doi = {10.1145/1082473.1082635},
   acmid = {1082635},
   publisher = {ACM},
   address = {New York, NY, USA}
}

@article{Kwapisz2011,
 author = {Kwapisz, Jennifer R. and Weiss, Gary M. and Moore, Samuel A.},
 title = {Activity recognition using cell phone accelerometers},
 journal = {ACM SIGKDD Explorations Newsletter},
 volume = {12},
 number = {2},
 month = mar,
 year = {2011},
 issn = {1931-0145},
 pages = {74--82},
 numpages = {9},
 url = {http://doi.acm.org/10.1145/1964897.1964918},
 doi = {10.1145/1964897.1964918},
 acmid = {1964918},
 publisher = {ACM},
 address = {New York, NY, USA},
 keywords = {accelerometer, activity recognition, cell phone, induction, sensor mining, sensors},
} 

@article{Banos2013,
author={Banos, Oresti and Damas, Miguel and Pomares, Hector and Rojas, Fernando and Delgado-Marquez, Blanca and Valenzuela, Olga},
year={2013},
issn={1432-7643},
journal={Soft Computing},
volume={17},
number={2},
doi={10.1007/s00500-012-0896-3},
title={Human activity recognition based on a sensor weighting hierarchical classifier},
url={http://dx.doi.org/10.1007/s00500-012-0896-3},
publisher={Springer},
address = {Berlin, Heidelberg},
keywords={Multisource fusion; Hierarchical classification; Weighted decision; Binary classifiers; Activity recognition; Wearable sensors},
pages={333-343},
language={English}
}