%------------- 2 0 1 2 --------------------
@article{Kaluza2013:IJAIT,
	author = {B. Kalu{\v z}a  and B. Cvetkovi{\'c} and E. Dovgan and H. Gjoreski and V. Mirchevska and M. Gams and M. Lu{\v s}trek},
	title = "Multiagent care system to support independent living",
	journal = "International Journal on Artificial Intelligence Tools,",
	volume = "",
	number = "",
	pages = "accepted",
	year = "2013"
}

%------------- 2 0 1 2 --------------------


@incollection{Cvetkovic2012:AmI,
	author = {B. Cvetkovi{\'c} and M. Lu{\v s}trek and B. Kalu{\v z}a and M. Gams},
	title = {Multi-Classifier Adaptive Training: Specializing an Activity Recognition Classifier Using Semi-Supervised Learning},
	series = {Lecture Notes in Computer Science},
	booktitle = {International Joint Conference on Ambient Intelligence},
	volume = {7683},
	address = {Pisa, Italy},
	month = {November},
	year = {2012},
	pages = {193--207},
	publisher = {Springer}
}
@inproceedings{Kaluza2012:AAMAS,
	author = {B. Kalu{\v z}a and G. Kaminka and M. Tambe},
	title = {Detection of Suspicious Behavior from a Sparse Set of Multiagent Interactions},
	booktitle = {Eleventh International Conference on Autonomous Agents and Multiagent Systems, AAMAS 2012},
	address = {Valencia, Spain},
	month = {June},
	publisher = {IFAAMAS},
	year = {2012},
	pages = {955--964}
}
@inproceedings{Kaluza2012:AAMASdemo,
	author = {B. Kalu{\v z}a and E. Dovgan  and M. Lu{\v s}trek and M. Gams},
	title = {Context Aware {MAS} to Support Elderly People},
	booktitle = {Eleventh International Conference on Autonomous Agents and Multiagent Systems, AAMAS 2012},
	address = {Valencia, Spain},
	month = {June},
	year = {2012},
	publisher = {IFAAMAS},
	pages = {1485--1488}
}
@inproceedings{Kaluza2012:AAAI,
	author = {B. Kalu{\v z}a and S. Kozina  and M. Lu{\v s}trek},
	title = {Activity Recognition Repository: Towards Competitive Benchmarking in {AmI}},
	booktitle = {Workshop on Activity Context Representation, AAAI Conference on Artificial Intelligence (AAAI-12)},
	address = {Toronto, Canada},
	month = {July},
	year = {2012},
	publisher = {AAAI Press},
	pages = {44--47}
}
@inproceedings{Lustrek2012:ECAI,
	author = {M. Lu{\v s}trek and B. Kalu{\v z}a and B. Cvetkovi{\'c} and E. Dovgan and H. Gjoreski and V. Mirchevska and M. Gams},
	title = {Confidence: Ubiquitous Care System to Support Independent Living},
	booktitle = {Proceedings of 20th biennial European Conference on Artificial Intelligence (ECAI 2012)},
	address = {Montpellier, France},
	month = {August},
	year = {2012},
	publisher = {IOS Press},
	pages = {1013--1014}
}

@article{Kaluza2012:JAISE,
	author = "B. Kalu{\v z}a and M. Gams",
	title = "Analysis of Daily-Living Dynamics",
	journal = "Journal of Ambient Intelligence and Smart Enviroments",
	volume = "4",
	number = "5",
	pages = "403--413",
	year = "2012"
}


%------------- 2 0 1 1 --------------------
x

@inproceedings{Kaluza2011:PAIR,
	author = {B. Kalu{\v z}a and G. Kaminka and M. Tambe},
	title = {Towards Detection of Suspicious Behavior from Multiple Observations},
	booktitle = {Workshop on Plan, Activity, and Intent Recognition, AAAI Conference on Artificial Intelligence (AAAI-11)},
	address = {San Francisco, California},
	month = {August},
	year = {2011},
	publisher = {AAAI Press},
	pages = {8--18}
}

@inproceedings{Cvetkovic2011:STAMI,
	author = {B. Cvetkovi{\'c} and M. Lu{\v s}trek and B. Kalu{\v z}a and M. Gams},
	title = {Semi-supervised Learning for Adaptation of Human Activity Recognition Classifier to the User},
	booktitle = {Workshop on Space, Time and Ambient Intelligence, International Joint Conferences on Artificial Intelligence (IJCAI 2011)},
	address = {Barcelona, Spain},
	month = {July},
	year = {2011},
	publisher = {AAAI Press},
	pages = {24--29}
}


@inproceedings{Kaluza2011:IPSSC,
	author = {B. Kalu{\v z}a and G. Kaminka and M. Tambe},
	title = {Identifying Suspicious Behavior from Multiple Events},
	booktitle = {3rd Jo{\v z}ef Stefan International Postgraduate School Students' Conference},
	address = {Ljubljana, Slovenia},
	month = {May},
	year = {2011},
	publisher = {IPS},
	pages = {74--79}
}

@inproceedings{Kaluza2011:AAL,
	author = {B. Kalu{\v z}a and E. Dovgan and B. Cvetkovi{\'c} and V. Mirchevska and M. Lu{\v s}trek and M. Gams},
	title = {A Multiagent system for Remote Eldercare},
	booktitle = {Workshop on Agents for Ambient Assisted Living, International Conference on Practical Applications of Agents and Multi-Agent Systems},
	address = {Salamanca, Spain},
	month = {April},
	year = {2011},
	publisher = {Springer},
	pages = {33--40}
}

@inproceedings{Kaluza2011:AIHC,
	author = {B. Kalu{\v z}a and E. Dovgan and V. Mirchevska and M. Lu{\v s}trek and M. Gams},
	title = {Intelligent Monitoring of the Elderly in Home Environment},
	booktitle = {AI and Health Communication, AAAI 2011 Spring Symposium Series},
	address = {Stanford, California, USA},
	month = {March},
	year = {2011},
	publisher = {AAAI Press},
	pages = {1}
}


@article{Kaluza2010:ESWA,
title = "A probabilistic risk analysis for multimodal entry control",
journal = "Expert Systems with Applications",
volume = "38",
number = "6",
pages = "6696--6704",
year = "2011",
author = "B. Kalu{\v z}a and E. Dovgan and T. Tu{\v s}ar  and M. Tambe and M. Gams"
}




%------------- 2 0 1 0 --------------------

@article{Dovgan2010jami,
	author = {E. Dovgan and B. Kalu{\v z}a and T. Tu{\v s}ar and M. Gams},
	title = {Improving user verification by implementing an agent-based security system},
	journal = {Journal of Ambient Intelligence and Smart Environments},
	volume = {2},
	number = {1},
	year = {2010},
	pages = {21--30}
}


@inproceedings{Dovgan2010Improving,
	author = {E. Dovgan and B. Cvetkovi{\'c} and V. Mirchevska and B. Kalu{\v z}a and M. Lu{\v s}trek and M. Gams},
	title = {Improving the Quality of Life for Elderly},
	booktitle = {Confidence International Conference},
	address = {Jyv{\" a}skyl{\" a}, Finland},
	month = {December},
	year = {2010},
	publisher = {University of Jyv{\" a}skyl{\" a}},
	pages = {99--108}
}


@incollection{Kaluza2010Agentbased,
	author = {B. Kalu{\v z}a  and V. Mirchevska and E. Dovgan and M. Lu{\v s}trek and M. Gams},
	title = {An Agent-based Approach to Care in Independent Living},
	series = {Lecture Notes in Computer Science},
	volume = {6439},
	booktitle = {International Joint Conference on Ambient Intelligence (AmI-2010)},
	address = {Malaga, Spain},
	month = {November},
	year = {2010},
	pages = {177--186},
	publisher = {Springer}
}

@incollection{Kaluza2010ADL,
	author = {B. Kalu{\v z}a and M. Gams},
	title = {An Approach to Analysis of Daily Living Dynamics},
	booktitle = {Proceedings of the World Congress on Engineering and Computer Science 2010},
	volume = {1},
	series = {International Conference on Machine Learning and Data Analysis, ICMLDA-10},
	address = {San Francisco, CA, USA},
	month = {October},
	year = {2010},
	pages = {485--490},
	publisher = {Newswood Limited}
}

@inproceedings{Gimon2010acc,
	author = {D. Gimon and H. Gjoreski and B. Kalu{\v z}a and M. Gams},
	title = {Using accelerometers to improve position-based activity recognition},
	booktitle = {Proceedings of the 13th International Multiconference Information Society (IS 2010)},
	address = {Ljubljana, Slovenia},
	month = {October},
	year = {2010},
	publisher = {Jo{\v z}ef Stefan Institute},
	pages = {15--18}
}

@inproceedings{Cvetkovic2010prilagajanje,
	author = {B. Cvetkovi{\'c} and  B. Kalu{\v z}a and M. Gams},
	title = {Prilagajanje modela za razpoznavanje aktivnosti {\v c}loveka z aktivnim delno nadzorovanim u{\v c}enjem},
	booktitle = {Proceedings of the 13th International Multiconference Information Society},
	address = {Ljubljana, Slovenia},
	month = {October},
	year = {2010},
	publisher = {Jo{\v z}ef Stefan Institute},
	pages = {63--66}
}

@inproceedings{Mirchevska2010feedback,
	author = {V. Mirchevska and B. Kalu{\v z}a and M. Lu{\v s}trek and M. Gams},
	title = {Real-time Alarm Model Adaptation Based on User Feedback},
	booktitle = {Workshop on Ubiquitous Data Mining, European Conference on Artificial Intelligence (ECAI 2010)},
	address = {Lisbon, Portugal},
	month = {August},
	year = {2010},
	publisher = {IOS Press},
	pages = {39--43}
}

@inproceedings{Kaluza2010MAS,
	author = {B. Kalu{\v z}a and V. Mirchevska and E. Dovgan},
	title = {Context-aware {MAS} for remote elderly care},
	booktitle = {Proceedings of the 2nd Jo{\v z}ef Stefan International Postgraduate School Students' Conference},
	address = {Ljubljana, Slovenia},
	month = {May},
	year = {2010},
	publisher = {IPS},
	pages = {26}
}

@inproceedings{Mirchevska2010learning,
	author = {V. Mirchevska and B. Kalu{\v z}a},
	title = {Learning through interaction},
	booktitle = {Proceedings of the 2nd Jo{\v z}ef Stefan International Postgraduate School Students' Conference},
	address = {Ljubljana, Slovenia},
	month = {May},
	year = {2010},
	publisher = {IPS},
	pages = {30}
}

%------------- 2 0 0 9 --------------------

@incollection{Lustrek2009Behavior,
	author = {M. Lu{\v s}trek and B. Kalu{\v z}a and E. Dovgan and B. Pogorelc and M. Gams},
	title = {Behavior Analysis Based on Coordinates of Body Tags},
	series = {Lecture Notes in Computer Science},
	booktitle = {European Conference on Ambient Intelligence},
	volume = {5859},
	address = {Salzburg, Austria},
	month = {November},
	year = {2009},
	pages = {14--23},
	publisher = {Springer}
}

@inproceedings{Kaluza09Ubiquitous,
	author = {B. Kalu{\v z}a and V. Mirchevska and M. Lu{\v s}trek and I. V\'{e}lez and M. Gams},
	title = {Ubiquitous Care System to Support Independent Living: Preliminary Results},
	booktitle = {Roots for the future of ambient intelligence: Adjunct proceedings},
	address = {Salzburg, Austria},
	month = {November},
	year = {2009},
	pages = {308--315},
	publisher = {Springer}
}

@inproceedings{Kaluza2009Glajenje,
	author = {B. Kalu{\v z}a and E. Dovgan},
	title = {Glajenje trajektorij gibanja {\v c}love{\v s}kega telesa zajetih z radijsko tehnologijo},
	booktitle = {Proceedings of the 12th International Multiconference Information Society},
	volume = {A},
	address = {Ljubljana, Slovenia},
	month = {October},
	year = {2009},
	pages = {97--100},
	publisher = {Jo{\v z}ef Stefan Institute}
}


@inproceedings{Dovgan2009Agent,
	author = {E. Dovgan and B. Kalu{\v z}a and T. Tu{\v s}ar and M. Gams},
	title = {Agent-based Security System for User Verification},
	booktitle = {IEEE/WIC/ACM International Conference on Web Intelligence and Intelligent Agent Technology},
	address = {Milan, Italy},
	month = {September},
	year = {2009},
	pages = {331--334},
	publisher = {IEEE Computer Society Press}
}


@inproceedings{Kaluza09Reducing,
	author = {B. Kalu{\v z}a},
	title = {Reducing Spurious Activity Transitions in a Sequence of Movement},
	booktitle = {Proceedings of the Eighteenth International Electrotechnical and Computer Science Conference},
	volume = {B},
	address = {Portoro{\v z}, Slovenia},
	month = {September},
	year = {2009},
	pages = {163--166},
	publisher = {IEEE Slovenija}
}

@inproceedings{Kaluza2009Intelligent,
	author = {B. Kalu{\v z}a and E. Dovgan and T. Tu{\v s}ar and M. Gams},
	title = {Intelligent Risk Analysis in Access Control},
	booktitle = {Proceedings of the International Workshop on Quantitative Risk Analysis for Security Applications in conjunction with International Joint Conferences on Artificial Intelligence (IJCAI 2009)},
	volume = {A},
	address = {Pasadena, California, USA},
	month = {July},
	year = {2009},
	pages = {9--16},
	publisher = {AAAI Press}
}


@article{Lustrek2009Fall,
    author = {M. Lu{\v s}trek and B. Kalu{\v z}a},
    title = {Fall Detection and Activity Recognition with Machine Learning},
    journal = {Informatica},
    volume = {33},
    number = {2},
    year = {2009},
    pages = {197--204}
}

@article{Gams2009Varnostni,
    author = {M. Gams and J. Krivec and B. Kalu{\v z}a and A. Rode},
    title = {Varnostni sistem {CIVaBiS}: celoviti inteligentni varnostni biometri{\v c}ni sistem},
    journal = {Obramba},
    volume = {41},
    number = {6},
    year = {2009},
    pages = {30--33}
}

@inproceedings{Mircevska2009Towards,
	author = {V. Mirchevska and B. Kalu{\v z}a},
	title = {Towards Intelligent Home Caregiver},
	booktitle = {Proceedings of the 1st Jo{\v z}ef Stefan International Postgraduate School Students' Conference},
	address = {Ljubljana, Slovenia},
	month = {May},
	year = {2009},
	pages = {32--33},
	publisher = {IPS}
}


%------------- 2 0 0 8 --------------------

@inproceedings{Gams2008patologija,
	author = {M. Gams and M. Lu{\v s}trek and B. Kalu{\v z}a},
	title = {Patologija kon{\v c}no razlo{\v z}ena?},
	booktitle = {Proceedings of the 11th International Multiconference Information Society},
	volume = {A},
	address = {Ljubljana, Slovenia},
	month = {October},
	year = {2008},
	pages = {19--21},
	publisher = {Jo{\v z}ef Stefan Institute}
}

@inproceedings{Kaluza2008fall,
	author = {B. Kalu{\v z}a and M. Lu{\v s}trek},
	title = {Fall Detection and Activity Recognition Methods for the {Confidence} Project: A Survey},
	booktitle = {Proceedings of the 12th International Multiconference Information Society},
	volume = {A},
	address = {Ljubljana, Slovenia},
	month = {October},
	year = {2008},
	pages = {22--25},
	publisher = {Jo{\v z}ef Stefan Institute}
}


@article{Kaluza2008ZIT,
    author = {B. Kalu{\v z}a and M. Gams},
    title = {Z ambientalno inteligenco nad teroriste},
    journal = {{\v Z}ivljenje in tehnika},
    volume = {59},
    number = {9},
    year = {2008},
    pages = {23--29},
    publisher = {Tehni{\v s}ka zalo{\v z}ba Slovenije}
}

@inproceedings{Kaluza08Odkrivanje,
	author = {B. Kalu{\v z}a and M. Gams},
	title = {Odkrivanje teroristi{\v c}nih vstopov s pomo{\v c}jo ambientalne inteligence},
	booktitle = {Proceedings of the Seventeenth International Electrotechnical and Computer Science Conference},
	volume = {B},
	address = {Portoro{\v z}, Slovenia},
	month = {September},
	year = {2007},
	pages = {145--148},
	publisher = {IEEE Slovenija}
}

@inproceedings{Kaluza08Razpoznavanje,
	author = {B. Kalu{\v z}a and M. Gams},
	title = {Razpoznavanje {\v s}tevk pri varnostnem geslu zvo{\v c}ne {CAPTCHA} za{\v s}{\v c}ite},
	booktitle = {Proceedings of the Seventeenth International Electrotechnical and Computer Science Conference},
	volume = {B},
	address = {Portoro{\v z}, Slovenia},
	month = {September},
	year = {2007},
	pages = {371--372},
	publisher = {IEEE Slovenija}
}

@inproceedings{Kaluza08Intelligent,
	author = {B. Kalu{\v z}a and M. Gams},
	title = {Intelligent Access Control System Based On Users Behavior},
	booktitle = {Procedings of the 2008 Networking and Electronic Commerce Research Conference},
    pages={305--308},
	address = {Riva del Garda, Italy},
	month = {September},
	year = {2008},
	publisher = {ATSMA}
}


%------------- 2 0 0 7 --------------------

@inproceedings{Kaluza07Pearl,
	author = {B. Kalu{\v z}a and M. Lu{\v s}trek and M. Gams},
	title = {Patologija minimaksa v sinteti{\v c}nih drevesih in {Pearlovi} igri},
	booktitle = {Proceedings of the 10th International Multiconference Information Society},
	volume = {A},
	address = {Ljubljana, Slovenia},
	month = {October},
	year = {2007},
	pages = {84--87},
	publisher = {Jo{\v z}ef Stefan Institute}
}

@inproceedings{Kaluza07Pathology,
	author = {B. Kalu{\v z}a and M. Lu{\v s}trek and M. Gams and A. Tav{\v c}ar},
	title = {Pathology in Minimax Searching},
	booktitle = {Proceedings of the Sixteenth International Electrotechnical and Computer Science Conference},
	volume = {B},
	address = {Portoro{\v z}, Slovenia},
	month = {September},
	year = {2007},
	pages = {107--110},
	publisher = {IEEE Slovenija}
}

@inproceedings{Gorup07Eavesdroping,
	author = {{\v C}. Gorup and A. Tav{\v c}ar and B. Kalu{\v z}a},
	title = {Eavesdroping on {VoIP} Network},
	booktitle = {Proceedings of the Sixteenth International Electrotechnical and Computer Science Conference},
	volume = {A},
	address = {Portoro{\v z}, Slovenia},
	month = {September},
	year = {2007},
	pages = {69--72},
	publisher = {IEEE Slovenija}
}
