@incollection{lamborn2006,
	author = "Peter Lamborn and Pamela J. Williams",
	title = "Data fusion on a distributed heterogeneous sensor network",
	booktitle = "Multisensor, Multisource Information Fusion: Architectures, Algorithms, and Applications",
	series = {Proceedings SPIE},
	vol = {6242},
	pages = "1--8",
	address = "Orlando, FL, USA",
	year = "2006",
	publisher = {SPIE Press}
}

@inproceedings{wilson2006,
	author = "D. L. Wilson",
	title = "Intelligent video systems for perimeter and secured entry access control",
	booktitle = "Proceedings of the 39th Annual IEEE International Carnahan Conference on Security Technology ICCST",
	pages = "260--262",
	year = "2006",
	publisher = {IEEE Computer Society Press},
	address = {Las Palmas de G.C., Spain}
}

@inproceedings{pers2007,
	author = "Janez Per{\v s} and Matej Kristan and Matej Per{\v s}e and Stanislav Kova{\v c}i{\v c}",
	title = "Motion based human identification using histograms of optical flow",
	booktitle = "Proceedings of the 12th Computer Vision Winter Workshop",
	pages = "19--26",
	address = "Graz, Austria",
	year = "2007",
	publisher = {Institute for Computer Graphics and Vision, Graz University of Technology}
}

@phdthesis{Breunig2001,
	author = "M. Breunig",
	title = "Quality  Driven  Database Mining",
	school = "University of Munich",
	year = "2001",
	address = {Munich, Germany}
}


@inproceedings{Tusar2006,
	author = "T. Tu{\v s}ar and M. Gams",
	title = "Outlier detection in an access  control  system (in  {Slovene})",
	booktitle = "Proceedings  of the  9th  International  Multiconference  Information Society (IS  2006)",
	pages = "136--139",
	address = "Jozef  Stefan 
	Institute, Ljubljana, Slovenia",
	year = "2006"
}


@article{Wahyudi2007,
	author = "W. A. Wahyudi and M. Syazilawati",
	title = "Intelligent Voice-Based Door Access Control System Using Adaptive-Network-based Fuzzy Inference Systems {(ANFIS)} for Building Security",
	journal = "Journal of Computer Science",
	volume = "3",
	number = "5",
	year = "2007",
	pages = "274--280"
}

@article{Wong2009,
	author = "J. Wong and S. Y. Ho",
	title = "A local experts organization model with application to face emotion recognition",
	journal =  "Expert Systems with Applications",
	volume = "36",
	number = "1",
	year = "2009",
	pages = "804--819"
}


@article{Sun2008,
	author = "T. H. Sun and F. C. Tien",
	title = "Using backpropagation neural network for face recognition with {2D} + {3D} hybrid information",
	journal = "Expert Systems with Applications",
	volume = "35",
	number = "1-2",
	year = "2008",
	pages = "361--372"
}

@inproceedings{Zhang2007,
	author = "Y. Zhang and X. J. Zhang and Z. J. Liu",
	title = "Irregular Behavior Recognition Based on Two Types of Treading Tracks Under Particular Scenes",
 	booktitle = "Proceedings of the Second International Conference on Knowledge Science, Engineering and Management (KSEM 2007)",
 	pages = "508--513",
 	address = "Melbourne, Australia",
 	year = "2007",
 	publisher = {Springer}
}


@article{Lin2008,
	author = "L. Lin and Y. Seo and M. Gen and R. Cheng",
	title = "Unusual human behavior recognition using evolutionary technique",
	journal = "Computers and Industrial Engineering",
	volume = "56",
	number = "3",
	pages = "1137--1153",
	year = "2009"
}

@article{Quah2008,
	 author = {Jon T. S. Quah and M. Sriganesh},
	 title = {Real-time credit card fraud detection using computational intelligence},
	 journal = {Expert Systems with Applications},
	 volume = {35},
	 number = {4},
	 year = {2008},
	 pages = {1721--1732}
 }


@article{Alexandre1997,
	 author = {Alexandre,, Thomas J.},
	 title = {Biometrics on smart cards: an approach to keyboard behavioral signature},
	 journal = {Future Generation Computer Systems},
	 volume = {13},
	 number = {1},
	 year = {1997},
	 pages = {19--26}
 }

@inproceedings{Bontempi2005,
	address = {Newport Beach, CA},
	author = {Bontempi, G.  and Le Borgne},
	booktitle = {Proceedings of the Workshop on Data Mining in Sensor Networks},
	title = {An Adaptive Modular Approach to the Mining of Sensor Network Data},
	year = {2005},
	publisher = {ACM},
	pages = {41--48}
}

@article{Horrocks03,
    author = {Ian Horrocks and Peter F. Patel-Schneider and Frank Van Harmelen},
    title = {From {SHIQ} and {RDF} to {OWL}: The Making of a Web Ontology Language},
    journal = {Journal of Web Semantics},
    year = {2003},
    volume = {1},
    pages = {7--26}
}

@misc{Protege,
	author = {Prot\'eg\'e},
	title = {Open source ontology editor and knowledge-base framework},
	howpublished = {http://protege.stanford.edu},
	year = {2009},
	address = {accessed: November}
}

@misc{W3Cswrl,
	author = {Ian Horrocks and Peter F. Patel-Schneider and Harold Boley and Said Tabet and Benjamin Grosof and Mike Dean
	},
	title = {{SWRL}: A Semantic Web Rule Language Combining {OWL} and {RuleML}},
	howpublished = {http://www.w3.org/Submission/SWRL/},
	year = {2009},
	address = {accessed: November}
}

@misc{Jess,
	author = {Ernest Friedman-Hill},
	title = {{Jess}, the Rule Engine for the Java Platform},
	howpublished = {http://www.jessrules.com},
	year = {2009},
	address = {accessed: November}
}

@book{Witten2005,
	author = {Witten, Ian  H. and Frank, Eibe},
	publisher = {Morgan Kaufmann, New York, NY, USA},
	title = {Data Mining: Practical Machine Learning Tools and Techniques, 2nd Edition},
	year = {2005}
}

@article{Fierrez-Aguilar2005,
	author = {Fierrez-Aguilar, Julian and Garcia-Romero, Daniel and Ortega-Garcia, Javier and Gonzalez-Rodriguez, Joaquin},
	title = {Adapted user-dependent multimodal biometric authentication exploiting general information},
	journal = {Pattern Recognition Letters},
	volume = {26},
	number = {16},
	year = {2005},
	pages = {2628--2639},
	publisher = {Elsevier Science Inc.},
	address = {New York, NY, USA},
 }

@article {Wang1997,
	author = "Huaiqing Wang",
	title = "Intelligent Agent-Assisted Decision Support Systems: Integration of Knowledge Discovery, Knowledge Analysis, and Group Decision Support",
	journal = "Expert Systems with Applications",
	volume = "12",
	year = "1997",
	pages = "323--335"
}

@article{Depren2005,
	author = "Ozgur Depren and Murat Topallar and Emin Anarim and M. Kemal Ciliz",
	title = "An intelligent intrusion detection system {(IDS)} for anomaly and misuse detection in computer networks",
	journal = "Expert Systems with Applications",
	volume = "29",
	number = "4",
	pages = "713--722",
	year = "2005"
}

@article{Stephen2005,
	author = "B. Stephen and L. Petropoulakis",
	title = "An ambient software monitoring system for unsupervised user modelling",
	journal = "Expert Systems with Applications",
	volume = "28",
	number = "3",
	pages = "557--567",
	year = "2005"
}

@article{Vilalta02,
    author = {Ricardo Vilalta and Youssef Drissi},
    title = {A Perspective View And Survey Of Meta-Learning},
    journal = {Artificial Intelligence Review},
    year = {2002},
    volume = {18},
    pages = {77--95}
}

@book{Brazdil2009,
	author = {P. Brazdil and C. Giraud-Carrier and C.  Soares and R. Vilalta},
	publisher = {Springer, Berlin, Heidelberg, Germany},
	title = {Metalearning: Applications to Data Mining},
	year = {2009}
}
