@inproceedings{Jakobsen2001,
    author = {Jakobsen, Thomas},
    booktitle = {Game Developers Converence Proceedings},
    pages = {383--401},
    priority = {2},
    publisher = {CMP Media, Inc.},
    title = {Advanced Character Physics},
    year = {2001},
    address = {San Jose, California, USA}
}

@misc{Vicon2009,
author = {Vicon},
    title = {Motion {C}apture {S}ystems from {V}icon},
    howpublished = {http://www.vicon.com},
    year = {2009},
    address = {accessed: November}
}
@misc{SMART2009,
  author = {eMotion},
    title = {Smart {M}otion {C}apture {S}ystem},
    howpublished = {http://www. emotion3d.com/smart},
    year = {2009},
    address = {accessed: November}
}



@techreport{Ubisense,
    author = {Pete Steggles and Stephan Gschwind},
    title = {The Ubisense smart space platform},
    institution={Ubisense},
    address = {Chesterton, UK},
    year = {2009}
}

@techreport{Lustrek2008report,
  author = {Mitja Lu{\v s}trek and Bojan Nemec and Bo{\v s}tjan Kalu{\v z}a and Rok Piltaver and Matja{v z} Gams and Igone Velez and Kristina Larsson and Narciso Gonzalez },
  title = {Report on Indoor Reconstruction and Interpretation Techniques},
  year = {2008},
  institution = {Confidence Project, Jozef Stefan Institute},
  address = {Ljubljana, Slovenia}
}

@article{Piltaver2011Inf,
    author = {Piltaver, Rok and Dovgan, Erik and Gams, Matja\v{z}},
    journal = {Informatica},
    pages = {383--390},
    title = {An intelligent indoor surveillance system},
    volume = {35},
    year = {2011}
}

@ARTICLE{Yin1996median, 
	author={Lin Yin and Ruikang Yang and Gabbouj, M. and Neuvo, Y.}, 
	journal={IEEE Transactions on Circuits and Systems II: Analog and Digital Signal Processing}, 
	title={Weighted Median Filters: {A} Tutorial}, 
	year={1996}, 
	volume={43}, 
	number={3}, 
	pages={157--192}, 
	doi={10.1109/82.486465}
}

@article{Kalman1960,
    Author = {Kalman, Rudolph Emil},
    Title = {A New Approach to Linear Filtering and Prediction Problems},
    Journal = {Transactions of the ASME--Journal of Basic Engineering},
    Volume = {82},
    Number = {Series D},
    Pages = {35--45},
    Year = {1960}
}

@INPROCEEDINGS{Demirdjian2003, 
 author={Demirdjian, D.}, 
 booktitle={Conference on Computer Vision and Pattern Recognition Workshop}, 
 title={Enforcing Constraints for Human Body Tracking}, 
 year={2003}, 
 volume={9}, 
 pages={102}, 
 doi={10.1109/CVPRW.2003.10101}, 
 ISSN={1063-6919},
 publisher = {IEEE Computer Society Press},
 address = {Madison, Wisconsin, USA}
 }

@ARTICLE{LouChai2010, 
 author={Hui Lou and Jinxiang Chai}, 
 journal={IEEE Transactions on Visualization and Computer Graphics}, 
 title={Example-Based Human Motion Denoising}, 
 year={2010}, 
 volume={16}, 
 number={5}, 
 pages={870 -879}, 
 doi={10.1109/TVCG.2010.23}, 
 ISSN={1077-2626}}

@INPROCEEDINGS{Navaratnam:hierarchical,
AUTHOR = "Ramanan Navaratnam and Arasanathan Thayananthan and Philip H. S. Torr and Roberto Cipolla",
TITLE = "Hierarchical Part-Based Human Body Pose Estimation",
booktitle = "Proceedings of British Machine Vision Conference",
PAGES = {1--10},
publisher = {BMVA Press},
YEAR = {2005},
address = {Oxford, United Kingdom}
}

@INPROCEEDINGS{Moeslund01poseestimation,
    author = {Thomas B. Moeslund and Erik Granum},
    title = {Pose Estimation Of A Human Arm Using Kinematic Constraints},
    booktitle = {Scandinavian Conference on Image Analysis},
    year = {2001},
    address = {Bergen, Norway},
    publisher = {IAPR},
    pages = {1--9}
}

@Book{Gams2011principle,
title = {{Weak Intelligence: Through the Principle and Paradox of Multiple Knowledge}},
author = { Gams, MatjazÌŒ},
publisher = {Nova Science, Huntington, NY, USA},
year = { 2001 },
isbn = { 1560728981 }
}