@book{holma2006hsdpa,
  title={{HSDPA/HSUPA} For {UMTS}},
  author={Holma, H. and Toskala, A.},
  year={2006},
  publisher={John Wiley \& Sons}
}

@book{price2005differential_evolution,
  title={Differential evolution: a practical approach to global optimization},
  author={Price, K.V. and Storn, R.M. and Lampinen, J.A.},
  year={2005},
  publisher={Springer-Verlag New York Inc.}
}

@book{Wesolowski_MobileCommunicationSystems,
  title={{Mobile communication systems}},
  author={Wesolowski, K.},
  year={2002},
  publisher={Wiley}
}

@book{nawrocki2006understanding,
  title={{Understanding UMTS radio network modelling, planning and automated optimisation: theory and practice}},
  author={Nawrocki, M. and Aghvami, H. and Dohler, M.},
  year={2006},
  publisher={John Wiley \& Sons}
}

@book{WCDMAforUMTS_RadioAccessForThirdGenerationMobileCommunications,
  title={{WCDMA for UMTS: Radio access for third generation mobile communications, Third Edition}},
  author={Holma, H. and Toskala, A.},
  year={2005},
  publisher={John Wiley \& Sons, Inc. New York, NY, USA}
}

@book{RadioNetworkPlanningAndOptimisationForUMTS,
  title={{Radio Network Planning and Optimisation for UMTS}},
  author={Laiho, J. and Wacker, A. and Novosad, T.},
  year={2002},
  publisher={John Wiley \& Sons, Inc. New York, NY, USA}
}

@book{UMTSRadioNetworkPlanning_OptimizationAndQoSManagementForPracticalEngineeringTasks,
  title={{UMTS Radio Network Planning, Optimization and QoS Management for Practical
  Engineering Tasks}},
  author={Lempi{\"a}inen, J. and Manninen, M.},
  year={2004},
  publisher={Kluwer Academic Publishers Norwell, MA, USA}
}

@book{3GPP_R99,
  title={{Technical specification group services and systems aspects: Network architecture v3.6.0 (Release 1999)}},
  author={{Third Generation Partnership Project}},
  publisher={{http://www.3gpp.org/}}
}

@article{dorigo2006ant_colony_optimization,
  title={Ant colony optimization},
  author={Dorigo, M. and Birattari, M. and Stutzle, T.},
  journal={Computational Intelligence Magazine, IEEE},
  volume={1},
  number={4},
  pages={28--39},
  year={2006},
  publisher={IEEE}
}

@article{korosec2010_DASA,
    AUTHOR = {Peter Koro\v{s}ec and Jurij \v{S}ilc and Bogdan Filipi\v{c}},
    TITLE = {The differential ant-stigmergy algorithm},
    JOURNAL = {Information Sciences},
    YEAR = {2012},
    volume = {192},
    number = {1},
    pages = {82--97},
    note = {doi: 10.1016/j.ins.2010.05.002},
}

@article{storn1997_Differential_evolution,
  title={Differential evolution--a simple and efficient heuristic for global optimization over continuous spaces},
  author={Storn, R. and Price, K.},
  journal={Journal of global optimization},
  volume={11},
  number={4},
  pages={341--359},
  year={1997},
  publisher={Springer}
}

@article{chen2011_coverage_planning_for_optimizing_HSDPA,
  title={{Coverage planning for optimizing HSDPA performance and controlling R99 soft handover}},
  author={Chen, L. and Yuan, D.},
  journal={Telecommunication Systems},
  pages={1--12},
  year={2011},
  publisher={Springer}
}


@article{Suman_SurveyOfSimulatedAnnealing,
  title={A survey of simulated annealing as a tool for single and multiobjective optimization},
  author={Suman, B. and Kumar, P.},
  journal={Journal of the operational research society},
  volume={57},
  number={10},
  pages={1143--1160},
  year={2005},
  publisher={Nature Publishing Group}
}

@article{Kirkpatrick_OptimizationBySimulatesAnnealing,
  title={Optimization by simulated annealing},
  author={Kirkpatrick, S. and Gelatt, C.D. and Vecchi, M.P.},
  journal={Science},
  volume={220},
  number={4598},
  pages={671},
  year={1983},
  publisher={American Association for the Advancement of Science}
}

@article{das2010_differential_evolution_state_of_the_art,
  title={Differential evolution: A survey of the state-of-the-art},
  author={Das, S. and Suganthan, P.N.},
  journal={Evolutionary Computation, IEEE Transactions on},
  number={99},
  pages={1--28},
  year={2010},
  publisher={IEEE}
}

@article{ghosh2011_optimising_CDMA_cell_planning,
  title={{Optimising CDMA Cell Planning with Soft Handover}},
  author={Ghosh, S.C. and Whitaker, R.M. and Allen, S.M. and Hurley, S.},
  journal={Wireless Personal Communications},
  pages={1--27},
  year={2011},
  publisher={Springer}
}

@article{Ying_CPICHPowerSettingsInIrregularWCDMAMacroCellularNetworks,
  title={{CPICH power settings in irregular WCDMA macro cellular networks}},
  author={Ying, S. and Gunnarsson, F. and Hiltunen, K. and Res, E. and Beijing, C.},
  journal={14th IEEE Proceedings on Personal, Indoor and Mobile Radio Communications, 2003.
      PIMRC 2003},
  volume={2},
  year={2003}
}

@article{GarciaLozano_CPICHPowerOptimisationByMeansOfSimulatedAnnealingInAnUTRAFDDEnvironment,
  title={{CPICH power optimisation by means of simulated annealing in an UTRA-FDD environment}},
  author={Garcia-Lozano, M. and Ruiz, S. and Olmos, J.},
  journal={Electronics Letters},
  volume={39},
  number={23},
  pages={1676--7},
  year={2003}
}

@article{siomina2008minimum,
  title={{Minimum pilot power for service coverage in WCDMA networks}},
  author={Siomina, I. and Yuan, D.},
  journal={Wireless Networks},
  volume={14},
  number={3},
  pages={393--402},
  year={2008},
  publisher={Springer}
}

@inproceedings{chen2010_impact_of_soft_handover,
  title={Impact of soft handover and pilot pollution on video telephony in a commercial network},
  author={Chen, L. and Sandrasegaran, K. and Basukala, R. and Madani, F.M. and Lin, C.C.},
  booktitle={Communications (APCC), 2010 16th Asia-Pacific Conference on},
  pages={481--486},
  year={2010},
  organization={IEEE}
}

@inproceedings{IEEEVehicularTechnologyConference1999,
    title={{A pilot optimization technique for CDMA cellular systems}},
    author={Love, R. T. and Beshir, K. A. and Schaeffer, D. and Nikides, R. S.},
    month={September},
    year={1999},
    booktitle={50th IEEE Vehicular Technology Conference (VTC1999 - Fall)},
    volume={4},
    pages={2238--2242},
    publisher={IEEE}
}

@inproceedings{Eisenblatter_OptimizationMethodsForUMTSRadioNetworkPlanning,
  title={{Optimization methods for UMTS radio network planning}},
  author={Eisenbl{\"a}tter, A. and F{\"u}ngenshuch, A. and Geerdes, H. F. and Junglas, D. and Koch, T. and
  Martin, A.},
  booktitle={Intl. Conference on Operations Research},
  pages={31--38},
  publisher={Springer},
  month={September},
  year={2003}
}

@conference{Valkealahti_WCDMACommonPilotPowerControlWithCostFunctionMinimization,
  title={{WCDMA common pilot power control with cost function minimization}},
  author={Valkealahti, K. and H{\"o}glund, A. and Parkkinen, J. and Flanagan, A. and Center, N.R. and
    Espoo, F.},
  booktitle={2002 IEEE 56th Vehicular Technology Conference, 2002. Proceedings. VTC 2002-Fall},
  volume={4},
  year={2002}
}

@conference{Valkealahti_WCDMACommonPilotPowerControlForLoadAndCoverageBalancing,
  title={{WCDMA common pilot power control for load and coverage balancing}},
  author={{Valkealahti, K. and H{\"o}glund, A. and Parkkinen, J. and H{\"a}m{\"a}l{\"a}inen, A.}},
  booktitle={Personal, Indoor and Mobile Radio Communications},
  volume={3},
  pages={1412--1416},
  year={2002},
  organization={Citeseer}
}

@conference{Siomina_PilotPowerManagementInWCDMANetworksCoverageControlWithRespectToTrafficDistribution,
  title={{Pilot power management in WCDMA networks: coverage control with respect to traffic distribution}},
  author={Siomina, I.},
  booktitle={Proceedings of the 7th ACM international symposium on Modeling, analysis and simulation of wireless and mobile systems},
  pages={276--282},
  year={2004},
  organization={ACM New York, NY, USA}
}

@conference{chen2008cpich,
  title={{CPICH Power Planning for Optimizing HSDPA and R99 SHO Performance: Mathematical Modelling and Solution Approach}},
  author={Chen, L. and Yuan, D.},
  booktitle={Proc. IFIP 1st Wireless Days Conference (WD)},
  pages={1--5},
  year={2008}
}

@conference{tems,
  title={{http://www.ericsson.com/tems/}},
  author={{TEMS CellPlanner}},
}

