@book{Gerdenitsch_PhD:2004,
  title={{System capacity optimization of UMTS FDD networks}},
  author={Gerdenitsch, A.},
  publisher={Ph.D. dissertation, Technische Universit\"{a}t Wien},
  year={2004}
}



@article{Turke_Advanced.site.configuration.techniques:2005,
  title={{Advanced site configuration techniques for automatic UMTS radio network design}},
  author={T\"{u}rke, U. and Koonert, M.},
  journal={Proc IEEE VTC 2005 Spring},
  year={2005}
}

@article{Marsaglia_Seeds.for.random.number.generator:2003,
  title={{Seeds for random number generators}},
  author={Marsaglia, George},
  journal={Communications of the ACM},
  volume={46},
  number={5},
  pages={90--93},
  issn={0001-0782},
  year={2003},
  publisher={ACM}
}

@article{Cheung_Realtime.video.using.agent.over.3G.networks:2005,
          title={{Real-time video transport optimization using streaming agent over 3G wireless networks}},
          author={Cheung, Gene and Tan, Wai-tian and Yoshimura, Takeshi},
          journal={Multimedia, IEEE Transactions on},
          volume={7},
          number={4},
          pages={777--785},
          year={2005},
          publisher={IEEE}
}

@article{Vasile_Hybrid.multiagent.approach.for.optimization:2009,
  title={A hybrid multiagent approach for global trajectory optimization},
  author={Vasile, Massimiliano and Locatelli, Marco},
  journal={Journal of Global Optimization},
  volume={44},
  number={4},
  pages={461--479},
  year={2009},
  publisher={Springer}
}

@article{Wolfram_Cellular.Automata:1986,
  title={{Theory and applications of cellular automata}},
  author={Wolfram, S.},
  year={1986}
}

@article{Sarkar_Cellular.automata.history:2000,
  title={{A brief history of cellular automata}},
  author={Sarkar, P.},
  journal={ACM Computing Surveys (CSUR)},
  volume={32},
  number={1},
  pages={107},
  year={2000},
  publisher={ACM}
}

@article{Esposito_Genetic.optimization.for.optimum.3G.network.planning:2010,
      title={Genetic Optimization for Optimum 3G Network Planning: an Agent-Based Parallel Implementation},
      author={Esposito, Alessandra and Tarricone, Luciano and Luceri, Stefano and Zappatore, Marco},
      booktitle={Novel Algorithms and Techniques in Telecommunications and Networking},
      pages={189--194},
      year={2010},
      publisher={Springer}
}

@article{Stone_OpenCL.A.parallel.programming.standard:2010,
  title={{OpenCL: A parallel programming standard for heterogeneous computing systems}},
  author={Stone, J.E. and Gohara, D. and Shi, G.},
  journal={Computing in Science and Engineering},
  volume={12},
  pages={66--73},
  year={2010}
}

@article{NVIDIA_Compute.Unified.Device.Architecture:2007,
  title={{Compute Unified Device Architecture Programming Guide}},
  author={Nvidia, C.},
  journal={NVIDIA: Santa Clara, CA},
  volume={83},
  pages={129},
  year={2007}
}

@article{Cunningham_Network.growth.theory.and.evidence:2010,
      title={{Network growth: Theory and evidence from the mobile telephone industry}},
      author={Cunningham, Brendan M and Alexander, Peter J and Candeub, Adam},
      journal={Information Economics and Policy},
      volume={22},
      number={1},
      pages={91--102},
      year={2010},
      publisher={Elsevier}
}

@article{Romeijn_Simulated.annealing:2009,
  title={{Simulated annealing and adaptive search in global optimization}},
  author={Romeijn, H.E. and Smith, R.L.},
  journal={Probability in the Engineering and Informational Sciences},
  volume={8},
  number={04},
  pages={571--590},
  year={2009},
  publisher={Cambridge University Press}
}

@article{Kalai_Simulated.annealing:2006,
  title={{Simulated annealing for convex optimization}},
  author={Kalai, A.T. and Vempala, S.},
  journal={Mathematics of Operations Research},
  volume={31},
  number={2},
  pages={253--266},
  year={2006},
  publisher={Citeseer}
}



@conference{Coinchon-The_impact_of_radio_propagation_predictions:2020,
      title={The impact of radio propagation predictions on urban UMTS planning},
      author={Coinchon, Mathias and Salovaara, Ari-Pekka and Wagen, Jean-Fr\'{e}d\'{e}ric},
      booktitle={Broadband Communications, 2002. Access, Transmission, Networking. 2002 International Zurich Seminar on},
      pages={32--1},
      year={2002},
      organization={IEEE}
}

@conference{Laiho-Verification_of_WCDMA_network_planning_prediction_with_dynamic_simulations:2001,
      title={{Verification of WCDMA radio network planning prediction methods with fully dynamic network simulator}},
      author={Laiho, Jaana and Wacker, Achim and Novosad, Tom{\'a}{\v{s}} and Hamalainen, Ari},
      booktitle={Vehicular Technology Conference, 2001. VTC 2001 Fall. IEEE VTS 54th},
      volume={1},
      pages={526--530},
      year={2001},
      organization={IEEE}
}

@conference{Lieska-Radion_coverage_optimization_with_genetic_algorithms:1998,
      title={Radio coverage optimization with genetic algorithms},
      author={Lieska, Kai and Laitinen, Erkki and Lahteenmaki, Jaakko},
      booktitle={Personal, Indoor and Mobile Radio Communications, 1998. The Ninth IEEE International Symposium on},
      volume={1},
      pages={318--322},
      year={1998},
      organization={IEEE}
}

@conference{Hamalainen-Advanced_WCDMA_radio_network_simulator:1999,
      title={{Advanced WCDMA radio network simulator}},
      author={H{\"a}m{\"a}l{\"a}inen, Seppo and Holma, Harri and Sipil{\"a}, Kari},
      booktitle={Personal, Indoor and Mobile Radio Communications},
      volume={2},
      pages={951--955},
      year={1999}
}

@conference{Hoppe-Fast_planning_of_efficient_WCDMA_radio_networks:2001,
      title={Fast planning of efficient {WCDMA} radio networks},
      author={Hoppe, Reiner and W{\"o}lfle, Gerd and Buddendick, Hermann and Landstorfer, Friedrich M},
      booktitle={Vehicular Technology Conference, 2001. VTC 2001 Fall. IEEE VTS 54th},
      volume={4},
      pages={2721--2725},
      year={2001},
      organization={IEEE}
}

@conference{Niemela-Performance_of_static_WCDMA_simulator:2005,
      title={{Performance of static WCDMA simulator}},
      author={Niemel{\"a}, Jarno and Borkowski, Jakub and Lempi{\"a}inen, Jukka},
      booktitle={Proc. IEEE International Symposium on Wireless Personal Multimedia and Communications},
      volume={2},
      pages={1266--1270},
      month={September},
      year={2005}
}

@conference{Ozimek_Open.source.radio.coverage.prediction:2010,
  title={{An open-source radio coverage prediction tool}},
  author={Hrovat, A. and Ozimek, I. and Vilhar, A. and Celcer, T. and Saje, I. and Javornik, T.},
  booktitle={Proceedings of the 14th WSEAS international conference on Communications},
  pages={135--140},
  year={2010},
  organization={World Scientific and Engineering Academy and Society (WSEAS)}
}

@conference{Siomina_Pilot.power.optimization:2004,
  title={{Pilot power optimization in WCDMA networks}},
  author={Siomina, Iana and Yuan, Di},
  booktitle={Proceedings of WiOpt},
  volume={4},
  month={March},
  year={2004}
}

@conference{Varbrand_Mathematical.programming.approach:2003,
  title={A mathematical programming approach for pilot power optimization in {WCDMA} networks},
  author={V{\"a}rbrand, Peter and Yuan, Di},
  booktitle={Proceedings of the Australian Telecommunications, Networks and Applications Conference (ATNAC'03)},
  year={2003},
}



@misc{Momentum.project,
   author = {IST-MOMENTUM},
   title = {{Models and Simulations for Network planning and Control of UMTS}},
   publisher = {European Project, European Commission, Brussels, Belgium},
   note = "\url{http://momentum.zib.de}, [Online; accessed 15-May-2010]"
}


@misc{Kloeckner_CUDA.OpenCL.dictionary:2011,
   author={Andreas Kloeckner},
   title={{GPU from Python with PyOpenCL and PyCUDA}},
   publisher = {Pan-American Advanced Studies Institute, Boston University},
   location={Valparaiso, Chile},
   note="\url{http://www.bu.edu/pasi/materials/}, [Online; accessed 5-April-2010]"
}

