@book{Eisenblatter_OptimizationMethodsForUMTSRadioNetworkPlanning,
  title={Optimisation Methods for UMTS Radio Network Planning},
  author={Eisenbl{\"a}tter, Andreas and F{\"u}genschuh, Armin and Geerdes, Hans-Florian and Junglas, Daniel and Koch, Thorsten and Martin, Alexander},
  year={2004},
  publisher={Springer}
}

@book{holma2006hsdpa,
  title={{HSDPA/HSUPA for UMTS}},
  author={Holma, Harri and Toskala, Antti},
  year={2006},
  publisher={John Wiley \& Sons}
}

@book{Wesolowski_MobileCommunicationSystems,
  title={{Mobile communication systems}},
  author={Wesolowski, K.},
  year={2002},
  publisher={Wiley}
}

@book{RadioNetworkPlanningAndOptimisationForUMTS,
  title={{Radio network planning and optimisation for UMTS}},
  author={Laiho, Jaana and Wacker, Achim and Novosad, Tom{\'a}{\v{s}}},
  year={2006},
  publisher={John Wiley \& Sons, Inc.}
}

@book{UMTSRadioNetworkPlanning_OptimizationAndQoSManagementForPracticalEngineeringTasks,
  title={{UMTS radio network planning, optimization and QoS management for practical engineering tasks}},
  author={Lempi{\"a}inen, Jukka and Manninen, Matti},
  year={2004},
  publisher={Kluwer Academic Publishers}
}

@book{3GPP_R99,
  title={{Technical specification group services and systems aspects: Network architecture v3.6.0 (Release 1999)}},
  author={{Third Generation Partnership Project}},
  publisher={{http://www.3gpp.org/}}
}



@article{korosec2010_DASA,
    AUTHOR = {Peter Koro\v{s}ec and Jurij \v{S}ilc and Bogdan Filipi\v{c}},
    TITLE = {The differential ant-stigmergy algorithm},
    JOURNAL = {Information Sciences},
    YEAR = {2012},
    volume = {192},
    number = {1},
    pages = {82--97},
    note = {doi: 10.1016/j.ins.2010.05.002},
}

@article{storn1997_Differential_evolution,
  title={Differential evolution--a simple and efficient heuristic for global optimization over continuous spaces},
  author={Storn, Rainer and Price, Kenneth},
  journal={Journal of global optimization},
  volume={11},
  number={4},
  pages={341--359},
  year={1997},
  publisher={Springer}
}

@article{chen2011_coverage_planning_for_optimizing_HSDPA,
      title={{Coverage planning for optimizing HSDPA performance and controlling R99 soft handover}},
      author={Chen, Lei and Yuan, Di},
      journal={Telecommunication Systems},
      volume={51},
      number={1},
      pages={53--64},
      year={2012},
      publisher={Springer}
}


@article{Suman_SurveyOfSimulatedAnnealing,
  title={A survey of simulated annealing as a tool for single and multiobjective optimization},
  author={Suman, Balram and Kumar, Prabhat},
  journal={Journal of the operational research society},
  volume={57},
  number={10},
  pages={1143--1160},
  year={2005},
  publisher={Nature Publishing Group}
}

@article{Kirkpatrick_OptimizationBySimulatesAnnealing,
  title={Optimization by simulated annealing},
  author={Kirkpatrick, Scott and Jr., D. Gelatt and Vecchi, Mario P},
  journal={Science},
  volume={220},
  number={4598},
  pages={671},
  year={1983},
  publisher={American Association for the Advancement of Science}
}

@article{das2010_differential_evolution_state_of_the_art,
  title={Differential evolution: A survey of the state-of-the-art},
  author={Das, Swagatam and Suganthan, Ponnuthurai Nagaratnam},
  journal={Evolutionary Computation, IEEE Transactions on},
  volume={15},
  number={1},
  pages={4--31},
  year={2011},
  publisher={IEEE}
}


@article{ghosh2011_optimising_CDMA_cell_planning,
      title={{Optimising CDMA cell planning with soft handover}},
      author={Ghosh, Sasthi C and Whitaker, Roger M and Allen, Stuart M and Hurley, Steve},
      journal={Wireless Personal Communications},
      volume={68},
      number={2},
      pages={321--347},
      year={2013},
      publisher={Springer}
}

@article{Ying_CPICHPowerSettingsInIrregularWCDMAMacroCellularNetworks,
  title={{CPICH} power settings in irregular {WCDMA} macro cellular networks},
  author={Sun, Ying and Gunnarsson, Fredrik and Hiltunen, Kimmo},
  booktitle={Personal, Indoor and Mobile Radio Communications, 2003. PIMRC 2003. 14th IEEE Proceedings on},
  volume={2},
  pages={1176--1180},
  year={2003},
  organization={IEEE}
}

@article{GarciaLozano_CPICHPowerOptimisationByMeansOfSimulatedAnnealingInAnUTRAFDDEnvironment,
  title={{CPICH power optimisation by means of simulated annealing in an UTRA-FDD environment}},
  author={Garc{\'\i}a Lozano, Mario and Ruiz Boqu{\'e}, S{\'\i}lvia and Olmos Bonaf{\'e}, Juan Jos{\'e}},
  journal={Electronics Letters},
  volume={39},
  number={23},
  pages={1676--7},
  year={2003}
}

@inproceedings{chen2010_impact_of_soft_handover,
  title={Impact of soft handover and pilot pollution on video telephony in a commercial network},
  author={Lu, Chen and Kumbesan, Sandrasegaran and Riyaj, Basukala and Faisal, Madani and Cheng-Chung, Lin}
  booktitle={Communications (APCC), 2010 16th Asia-Pacific Conference on},
  pages={481--486},
  year={2010},
  organization={IEEE}
}

@inproceedings{IEEEVehicularTechnologyConference1999,
    title={{A pilot optimization technique for CDMA cellular systems}},
    author={Love, R. T. and Beshir, K. A. and Schaeffer, D. and Nikides, R. S.},
    month={September},
    year={1999},
    booktitle={50th IEEE Vehicular Technology Conference (VTC1999 - Fall)},
    volume={4},
    pages={2238--2242},
    publisher={IEEE}
}

@conference{Valkealahti_WCDMACommonPilotPowerControlForLoadAndCoverageBalancing,
  title={{WCDMA common pilot power control for load and coverage balancing}},
  author={{Valkealahti, K. and H{\"o}glund, A. and Parkkinen, J. and H{\"a}m{\"a}l{\"a}inen, A.}},
  booktitle={Personal, Indoor and Mobile Radio Communications},
  volume={3},
  pages={1412--1416},
  year={2002},
  organization={Citeseer}
}

@conference{Siomina_PilotPowerManagementInWCDMANetworksCoverageControlWithRespectToTrafficDistribution,
  title={{Pilot power management in WCDMA networks: coverage control with respect to traffic distribution}},
  author={Siomina, Iana},
  booktitle={Proceedings of the 7th ACM international symposium on Modeling, analysis and simulation of wireless and mobile systems},
  pages={276--282},
  year={2004},
  organization={ACM}
}

@conference{chen2008cpich,
          title={CPICH power planning for optimizing HSDPA and R99 SHO performance: Mathematical modelling and solution approach},
          author={Chen, Lei and Yuan, Di},
          booktitle={Wireless Days, 2008. WD'08. 1st IFIP},
          pages={1--5},
          year={2008},
          organization={IEEE}
}

@conference{tems,
  title={{http://www.ericsson.com/tems/}},
  author={{TEMS CellPlanner}},
}

