@book{Mattson_Patterns_for_parallel_programming:2004,
      title={Patterns for Parallel Programming},
      author={Mattson, Timothy G. and Sanders, Beverly A. and Massingill, Berna L.},
      year={2004},
      publisher={Addison-Wesley Professional}
}

@book{Neteler_Open_source_GIS_a_GRASS_GIS_approach,
      title={{Open Source GIS: A GRASS GIS Approach. The International Series in Engineering and Computer Science}},
      author={Neteler, Markus and Mitasova, Helena},
      year={2008},
      publisher={Springer New York Inc}
}

@book{Song_Evolved_cellular_network_planning_and_optimization_for_UMTS_and_LTE:2010,
      title={Evolved Cellular Network Planning and Optimization for {UMTS} and {LTE}},
      author={Song, Lingyang and Shen, Jia},
      year={2010},
      publisher={CRC Press}
}



@article{Aarnaes-Tuning_of_empirical_radio_propagation_models_effect_of_location_accuracy:2004,
      title={Tuning of Empirical Radio Propagation Models Effect of Location Accuracy},
      author={Aarn{\ae}S, Erik and Holm, Stian},
      journal={Wireless Personal Communications},
      volume={30},
      number={2-4},
      pages={267--281},
      year={2004},
      publisher={Springer}
}

@article{Corre_Three_dimensional_urban_EM_wave_propagation_model_for_radio_network_planning_and_optimization_over_large_areas:2009,
      title={{Three-dimensional urban EM wave propagation model for radio network planning and optimization over large areas}},
      author={Corre, Yoann and Lostanlen, Yves},
      journal={Vehicular Technology, IEEE Transactions on},
      volume={58},
      number={7},
      pages={3112--3123},
      year={2009},
      publisher={IEEE}
}

@article{Dalela-Tuning_of_COST_model_for_radio_wave_propagation_predictions:2012,
    title={Tuning of {COST-231} {Hata} model for radio wave propagation predictions},
    author={Dalela, Chhaya and Prasad, Marehalli and Dalela, Pankaj},
    journal={Computer Science and Information Technology (CS \& IT), DOI},
    volume={10},
    pages={255--267},
    year={2012}
}

@article{Filiposka_Terrain_aware_three_dimensional_radio_propagation_model_extension_for_NS2:2011,
      title={{Terrain-aware three-dimensional radio-propagation model extension for NS-2}},
      author={Filiposka, Sonja and Trajanov, Dimitar},
      journal={Simulation},
      volume={87},
      number={1-2},
      pages={7--23},
      year={2011},
      publisher={Sage Publications}
}

@article{Garcia-Lozano_Metaheuristic_procedure_to_optimize_transmission_delays_in_DVB-T_single_frequency_networks:2011,
      title={Metaheuristic procedure to optimize transmission delays in {DVB-T} single frequency networks},
      author={Garc{\'\i}a-Lozano, Mario and Lema, Maria A. and Ruiz, Silvia and Minerva, Flaminio},
      journal={Broadcasting, IEEE Transactions on},
      volume={57},
      number={4},
      pages={876--887},
      year={2011},
      publisher={IEEE}
}

@article{Kalai_Simulated.annealing:2006,
  title={{Simulated annealing for convex optimization}},
  author={Kalai, A.T. and Vempala, S.},
  journal={Mathematics of Operations Research},
  volume={31},
  number={2},
  pages={253--266},
  year={2006},
  publisher={Citeseer}
}

@article{Kennedy_Swarm_intelligence:2006,
      title={Swarm intelligence},
      author={Kennedy, James},
      journal={Handbook of Nature-Inspired and Innovative Computing},
      pages={187--219},
      year={2006},
      publisher={Springer}
}

@article{Mehlfuhrer_The_Vienna_LTE_Simulators_enabling_reproducibility_in_wireless_communications_research:2011,
      title={The Vienna LTE simulators-Enabling reproducibility in wireless communications research},
      author={Mehlf{\"u}hrer, Christian and Ikuno, Josep Colom Colom and {\v{S}}imko, Michal and Schwarz, Stefan and Wrulich, Martin and Rupp, Markus},
      journal={EURASIP Journal on Advances in Signal Processing},
      volume={2011},
      number={1},
      pages={1--14},
      year={2011},
      publisher={Springer}
}

@article{NVIDIA_Compute.Unified.Device.Architecture:2007,
  title={{Compute Unified Device Architecture Programming Guide}},
  author={Nvidia, C.},
  journal={NVIDIA: Santa Clara, CA},
  volume={83},
  pages={129},
  year={2007}
}

@article{Pillekeit-A_hybrid_simulation_framework_for_the_evaluation_of_common_RRM:2012,
      title={A hybrid simulation framework for the evaluation of common radio resource management scenarios},
      author={Pillekeit, Andreas and M{\"u}ller-Clostermann, Bruno},
      journal={Simulation},
      volume={88},
      number={4},
      pages={481--501},
      year={2012},
      publisher={Sage Publications}
}

@article{Piro_Simulating_LTE_cellular_systems_an_open_source_framework:2011,
      title={{Simulating LTE cellular systems: an open-source framework}},
      author={Piro, Giuseppe and Grieco, Luigi Alfredo and Boggia, Gennaro and Capozzi, Francesco and Camarda, Pietro},
      journal={Vehicular Technology, IEEE Transactions on},
      volume={60},
      number={2},
      pages={498--513},
      year={2011},
      publisher={IEEE}
}

@article{Romeijn_Simulated.annealing:2009,
  title={{Simulated annealing and adaptive search in global optimization}},
  author={Romeijn, H.E. and Smith, R.L.},
  journal={Probability in the Engineering and Informational Sciences},
  volume={8},
  number={04},
  pages={571--590},
  year={2009},
  publisher={Cambridge University Press}
}

@article{Rubinstein-Clutter_losses:1998,
    author={Rubinstein, Thomas N.}, 
    journal={Broadcasting, IEEE Transactions on}, 
    title={Clutter losses and environmental noise characteristics associated with various {LULC} categories}, 
    year={1998}, 
    volume={44}, 
    number={3}, 
    pages={286-293}, 
    doi={10.1109/11.715314}, 
    ISSN={0018-9316}
}

@article{Sarkar_Cellular.automata.history:2000,
  title={{A brief history of cellular automata}},
  author={Sarkar, P.},
  journal={ACM Computing Surveys (CSUR)},
  volume={32},
  number={1},
  pages={107},
  year={2000},
  publisher={ACM}
}

@article{Stone_OpenCL.A.parallel.programming.standard:2010,
  title={{OpenCL: A parallel programming standard for heterogeneous computing systems}},
  author={Stone, J.E. and Gohara, D. and Shi, G.},
  journal={Computing in Science and Engineering},
  volume={12},
  pages={66--73},
  year={2010}
}

@article{Turke_Advanced.site.configuration.techniques:2005,
  title={{Advanced site configuration techniques for automatic UMTS radio network design}},
  author={T\"{u}rke, U. and Koonert, M.},
  journal={Proc IEEE VTC 2005 Spring},
  year={2005}
}

@article{Wolfram_Cellular.Automata:1986,
  title={{Theory and applications of cellular automata}},
  author={Wolfram, S.},
  year={1986}
}



@conference{Ahmad:Studying_different_propagation_models_for_LTE_system:2012,
      title={Studying different propagation models for {LTE-A} system},
      author={Ahmad, Yassir A. and Hassan, Walid A. and Rahman, Tharek A.},
      booktitle={Computer and Communication Engineering (ICCCE), 2012 International Conference on},
      pages={848--853},
      year={2012},
      organization={IEEE}
}

@conference{Begovic_Applicability_evaluation_of_Okumura_Ericsson_and_Winner_propagation_models_for_coverage_planning:2012,
      title={{Applicability evaluation of Okumura, Ericsson 9999 and Winner propagation models for coverage planning in 3.5 GHZ WiMAX systems}},
      author={Begovic, Pamela and Behlilovic, Narcis and Avdic, Elma},
      booktitle={Systems, Signals and Image Processing (IWSSIP), 2012 19th International Conference on},
      pages={256--260},
      year={2012},
      organization={IEEE}
}

@conference{Dortmund-Measurement_based_channel_model_for_large_concert_halls:2010,
    title={Measurement based channel model for large concert halls},
    author={Dortmund, Sven and Schmidt, Alfred and Rolfes, Ilona},
    booktitle={Antennas and Propagation Society International Symposium (APSURSI), 2010 IEEE},
    pages={1--4},
    year={2010},
    publisher={IEEE}
}

@conference{Goux_Metacomputing_and_the_master_worker_paradigm:2000,
      title={Metacomputing and the master-worker paradigm},
      author={Goux, Jean-Pierre and Linderoth, Jeff and Yoder, Michael and Goux, Jean-pierre and others},
      booktitle={Preprint MCS/ANL-P792-0200, Mathematics and Computer Science Division, Argonne National Laboratory, Argonne},
      year={2000},
      organization={Citeseer}
}

@conference{Huang_Online_propagation_model_correction_based_on_PSO_algorithm_in_LTE_SON_system:2012,
      title={{Online propagation model correction based on PSO algorithm in LTE SON system}},
      author={Huang, Lianfen and Chen, Xiaoxin and Gao, Zhibin and Cai, Hongxiang},
      booktitle={Anti-Counterfeiting, Security and Identification (ASID), 2012 International Conference on},
      pages={1--4},
      year={2012},
      organization={IEEE}
}

@conference{Malla_Energy_efficient_resource_allocation_in_OFDMA_networks_using_ant_colony_optimization:2012,
      title={{Energy efficient resource allocation in OFDMA networks using ant-colony optimization}},
      author={Malla, Samip and Ghimire, Birendra and Reed, Mark C. and Haas, Harald},
      booktitle={Communications and Information Technologies (ISCIT), 2012 International Symposium on},
      pages={889--894},
      year={2012},
      organization={IEEE}
}

@conference{Neuland_Influence_of_Different_Factors_on_X_Map_Estimation_in_LTE:2011,
      title={{Influence of different factors on X-Map estimation in LTE}},
      author={Neuland, Michaela and Kurner, Thomas and Amirijoo, Mehdi},
      booktitle={Vehicular Technology Conference (VTC Spring), 2011 IEEE 73rd},
      pages={1--5},
      year={2011},
      organization={IEEE}
}

@conference{Neuland_Influence_of_positioning_error_on_X_Map_estimation_in_LTE:2011,
      title={{Influence of positioning error on X-map estimation in LTE}},
      author={Neuland, Michaela and Kurner, Thomas and Amirijoo, Mehdi},
      booktitle={Vehicular Technology Conference (VTC Spring), 2011 IEEE 73rd},
      pages={1--5},
      year={2011},
      organization={IEEE}
}

@conference{Ozimek_Open.source.radio.coverage.prediction:2010,
  title={{An open-source radio coverage prediction tool}},
  author={Hrovat, Andrej and Ozimek, Igor and Vilhar, Andrej and Celcer, Tine and Saje, Iztok and Javornik, Toma\v{z}},
  booktitle={Proceedings of the 14th WSEAS international conference on Communications},
  pages={135--140},
  year={2010},
  publisher={World Scientific and Engineering Academy and Society (WSEAS)}
}

@conference{Sanchez_Performance_evaluation_of_OFDMA_wireless_systems_using_WM_SIM:2006,
      title={{Performance evaluation of OFDMA wireless systems using WM-SIM platform}},
      author={S{\'a}nchez, Juan J. and G{\'o}mez, Gerardo and Morales-Jim{\'e}nez, David and Entrambasaguas, Tom{\'a}s},
      booktitle={Proceedings of the 4th ACM International Workshop on Mobility Management and Wireless Access},
      pages={131--134},
      year={2006},
      publisher={ACM}
}

@conference{Shamsan-Fixed_wireless_service:2011, 
     author={Shamsan, Zaid A. and Al-Hetar, Abdulaziz M. and Rahman, Tharek A.},
     booktitle={Electronics, Communications and Photonics Conference (SIECPC), 2011 Saudi International}, 
     title={Fixed wireless service coexistence with {IMT-A} system within {UHF} band}, 
     year={2011}, 
     pages={1-5}, 
     keywords={adjacent channel interference;cochannel interference;cognitive radio;radio networks;FWA;IMT-A system;ITU-R sector;International telecommunication union-radio sector;SEM technique;UHF band;fixed wireless service coexistence;frequency 470 MHz to 862 MHz;intersystem interference;spectral emission mask technique;Bandwidth;Interchannel interference;Noise;Receivers;WiMAX;FWA;IMT-A;Spectrum sharing}, 
     doi={10.1109/SIECPC.2011.5877002}
}

@conference{Vilhar-Efficient_open_source_ray_tracing_methods_for_rural_environment:efficient,
      title={Efficient Open-source Ray-Tracing methods for rural environment},
      author={Vilhar, Andrej and Hrovat, Andrej and Ozimek, Igor and Javornik, Toma{\v{z}}},
      booktitle={Proceedings of the 16th WSEAS International Conference on Computers},
      pages={15--17},
      year={2012}
}

@conference{Yang_A_linear_least_square_method_of_propagation_model_tuning_for_3G_radion_network_planning:2008,
      title={{A linear least square method of propagation model tuning for 3G radio network planning}},
      author={Yang, Mingjing and Shi, Wenxiao},
      booktitle={Natural Computation, 2008. ICNC'08. Fourth International Conference on},
      volume={5},
      pages={150--154},
      year={2008},
      organization={IEEE}
}

@inproceedings{Yeung-Detailed_OFDM_modeling_in_network_simulation:2004,
      title={Detailed {OFDM} modeling in network simulation of mobile ad hoc networks},
      author={Yeung, Gavin and Takai, Mineo and Bagrodia, Rajive and Mehrnia, Alireza and Daneshrad, Babak},
      booktitle={Proceedings of the Eighteenth Workshop on Parallel and Distributed Simulation},
      pages={26--34},
      year={2004},
      organization={ACM}
}



